2888 4590
760 307 804 373 56

278 486 405 551 illorum
423 489 554 550 mortem
569 484 785 550 meditantium
800 505 919 552 memor
934 506 1013 568 quos
1025 486 1057 551 in
1069 485 1174 552 indice
1185 491 1293 552 nostro

281 600 533 696 enumerauimus
558 596 727 683 (at—31),
751 600 973 684 hominumque
988 602 1171 667 rusticorum
1188 602 1293 666 calua-

275 716 339 780 rias
357 715 633 799 contemplantium
649 711 821 798 (32-47).
864 717 1028 800 Inprimis
1052 725 1155 782 autem
1179 717 1291 782 similis

275 837 323 897 est
347 829 463 914 lapidis
480 830 680 914 Smyrnensis
704 826 775 914 (31)
799 832 962 916 inscriptio
986 833 1026 896 ab
1045 832 1191 897 Heckero
1216 851 1292 913 quo-

275 965 336 1028 que
359 947 484 1029 collata,
510 965 591 1029 quae
614 946 694 1011 haec
718 953 779 1012 est:
1063 1019 1066 1022 ,

311 1059 511 1145 ’Ἀνθρωπος
533 1062 638 1126 τοῦτ’
652 1062 747 1126 ἐστέ·
774 1067 819 1137 τίς
834 1064 866 1126 εἴ
876 1062 986 1146 βλέττε,
1007 1062 1061 1125 καὶ
1077 1085 1112 1126 το
1125 1065 1225 1145 μένον
1241 1074 1291 1126 σε·

367 1175 476 1242 εἰκόνα
499 1175 591 1262 τήνδ’
604 1177 737 1261 ἐσορῶν,
761 1174 817 1241 σόν
840 1175 875 1241 τὸ
898 1179 987 1251 τέλος
1009 1177 1149 1256 λόγισαι·

318 1293 373 1355 καλ
395 1291 491 1378 βιότῳ
514 1293 640 1376 χρῆσαι,
663 1293 744 1377 μηθ’
758 1288 801 1367 ὥς
824 1293 858 1366 ἐς
880 1293 1003 1366 αἰῶνας
1026 1291 1107 1373 ἔχων
1130 1292 1195 1368 ζῆν,

364 1409 445 1492 μηθ’
461 1403 504 1481 ὥς
534 1403 715 1491 ὥκόμορος,
749 1415 803 1474 ἵνα
833 1403 984 1490 (Jacobs
1018 1401 1081 1490 μὴ)
1104 1407 1294 1492 γηράσαντα

906 1536 940 1586 σε
963 1522 1078 1587 πολλοὶ

318 1641 492 1721 μαστλξωσι
515 1637 635 1718 λόγοις,
658 1636 856 1721 θλιβόμενον
879 1641 980 1725 πενλῃ.

343 1753 528 1836 Comparari
558 1759 662 1836 potest
690 1753 783 1817 etiam
808 1753 1024 1836 anaglyphum
1046 1751 1146 1816 musei
1169 1752 1294 1817 Britan-

275 1859 338 1932 nici
369 1867 453 1950 quod
484 1868 605 1932 numeri
638 1873 714 1932 nota
736 1868 780 1932 52
815 1867 1025 1950 signanimus,
1061 1866 1115 1931 ubi
1149 1867 1294 1933 similiter

274 1983 383 2048 sceleti
406 1982 535 2047 humani
559 1981 675 2065 effigiei
698 1983 907 2065 subscriptum
930 1989 978 2048 est
1000 1983 1208 2066 epigramma:

365 2099 479 2163 Εῑτιεῖν
502 2102 547 2172 ιλς
570 2096 717 2173 δύναται,
741 2098 852 2183 σιιῆνος
874 2096 1069 2181 λιπόσαρκον
1092 2093 1252 2182 ἀθρήσας,

366 2218 455 2298 εἴπερ
468 2210 570 2288 Ὕλας
592 2213 611 2298 ἢ
635 2216 787 2298 Θερσίτης
809 2209 858 2297 ἦν,
882 2209 909 2276 ολ
930 2212 1101 2296 caponum.

342 2329 480 2394 Heckeri
509 2329 602 2412 igitur
633 2329 739 2411 opinio
768 2329 911 2410 quamuis
935 2327 1027 2393 ualde
1050 2328 1222 2411 probabilis
1245 2329 1294 2393 ui-

273 2443 401 2526 deatur,
427 2451 532 2509 tamen
557 2446 689 2509 lectores
707 2463 818 2509 eorum
843 2443 1043 2526 anthologiae
1067 2463 1201 2525 graecae
1225 2445 1293 2528 epi-

275 2565 484 2641 grammatum
508 2578 578 2624 cum
602 2559 732 2624 aliorum
748 2565 911 2642 poetarum
934 2564 999 2622 tum
1013 2558 1113 2641 ipsius
1129 2558 1293 2625 Leonidae

273 2673 491 2739 admonendos
521 2694 592 2739 esse
623 2679 783 2757 putemne,
812 2693 986 2756 quaecum
1010 2673 1042 2737 in
1066 2673 1199 2739 eundem
1222 2673 1293 2740 iere

266 2773 401 2853 modum
425 2789 488 2854 sint
511 2787 705 2872 conscripta,
734 2794 839 2854 tamen
867 2808 930 2853 non
959 2787 1001 2852 ad
1025 2790 1159 2854 scelctos
1182 2809 1293 2854 monu-

274 2904 387 2968 mentis
405 2904 588 2987 insculptos,
608 2903 665 2968 sed
680 2904 722 2968 ad
738 2924 812 2969 ossa
827 2902 907 2969 forte
922 2903 1008 2968 humi
1024 2910 1121 2969 strata
1136 2911 1290 2987 spectent.

272 3019 409 3103 inspice,
442 3020 469 3084 si
499 3021 616 3102 placet,
646 3018 724 3084 haec
751 3018 912 3085 Leonidae
941 3019 1103 3084 Tarentini
1133 3020 1290 3086 carmina:

274 3134 392 3199 anthol.
411 3135 477 3200 Pal.
491 3135 562 3217 VII,
581 3135 646 3198 478
674 3130 781 3218 (anall.
799 3136 815 3199 I
838 3155 868 3218 p.
889 3135 950 3198 171
975 3155 1004 3198 n.
1023 3129 1094 3217 67);

319 3255 378 3324 Τλς
402 3252 472 3315 ποτ’
485 3247 593 3334 ἄρέῑ,·
617 3254 701 3324 τίνος
725 3246 791 3334 ἆρα
813 3246 903 3334 παρὰ
919 3254 1027 3334 τρλβον
1051 3245 1143 3314 όστέα
1166 3251 1270 3315 ταῦτα

367 3364 498 3450 τλήμον’
510 3366 547 3430 ἐν
569 3361 717 3450 ἡμιχανεῒ
736 3366 873 3448 λα’ρνακι
894 3363 1000 3449 γυμνὰ
1023 3369 1126 3448 μένεις

320 3482 431 3565 μνῆμα
455 3481 491 3546 δέ
514 3483 567 3544 καὶ
590 3481 694 3566 τόμος
717 3481 788 3546 αλέν
812 3479 1028 3564 ἁμαξεύοντος
1051 3477 1160 3544 όόλτεω

365 3595 458 3673 ἄξονι
481 3597 535 3660 καὶ
558 3596 664 3686 τροχιξγ
685 3593 757 3660 λιτοὶ
779 3600 988 3680 παραξέεται·

273 3726 287 3772 s
321 3709 380 3796 ἤδη
404 3729 461 3776 σον
484 3713 538 3775 καὶ
560 3708 683 3792 πλενρόι
707 3715 967 3795 παρατρλψονσιν
990 3707 1128 3794 ἅμαξαι,

272 3899 276 3907 ,
366 3829 497 3907 σχέτλιε,
520 3829 570 3891 σοὶ
593 3827 622 3890 δ’
637 3821 739 3900 οὐδεὶς
763 3821 837 3890 οὐδ’
852 3827 906 3890 ἐπὶ
929 3826 1030 3910 δόκρν
1051 3827 1154 3909 βαλεῖ.
