2888 4590
765 300 786 364 6

266 477 391 562 addita,
416 478 449 543 in
465 477 616 562 Sphingis
641 477 744 562 capite
768 477 859 562 polus
884 477 1005 562 positus
1029 481 1085 542 est.
1122 476 1290 561 inscriptio

266 595 299 660 in
320 615 434 660 auersa
450 614 594 678 gemmae
611 600 701 679 parte
721 593 822 660 incisa
835 600 866 660 et
877 594 1016 677 imagine
1028 592 1141 676 anguis
1154 592 1289 658 circum-

267 709 343 776 data
366 711 588 777 Gnosticorum
612 712 780 776 amuletum
806 730 877 776 esse
902 707 1048 776 ostendit.

336 821 410 892 14⁹⁵.
448 826 600 893 Gemma
628 827 757 892 uitrea
786 826 994 892 Stoschianae
1027 825 1101 890 olim
1130 825 1288 912 dactylio-

265 943 391 1026 thecae,
422 962 504 1008 nunc
531 943 632 1008 musei
662 942 742 1025 regii
765 942 1045 1008 Berolinensis.
1090 942 1289 1008 Winokel-

266 1080 392 1123 mann:
424 1057 571 1143 descript.
603 1058 659 1124 des
687 1058 806 1142 pierres
829 1078 875 1141 gr.
901 1057 941 1122 de
964 1057 1087 1122 Stoseh.
1112 1079 1142 1143 p.
1162 1059 1227 1124 313
1252 1081 1286 1126 n.

269 1176 362 1240 1878.
420 1175 589 1241 Tolken:
626 1174 837 1240 verneichniss
872 1173 901 1238 d.
926 1173 957 1238 k.
981 1193 1101 1258 preuss.
1125 1196 1287 1259 gemmeu-

266 1293 443 1373 sammlung
467 1292 504 1356 cl.
522 1292 571 1356 ΙΙΙ
595 1312 625 1355 ιι.
647 1292 731 1355 1473
755 1310 787 1373 p.
805 1289 879 1355 248.
897 1324 939 1334 -
956 1291 1047 1356 Duae
1068 1291 1226 1376 Sphingos
1249 1293 1287 1359 in

266 1428 323 1472 ara
346 1406 502 1490 sedentes,
529 1408 611 1474 inter
634 1427 713 1491 quas
737 1406 902 1472 conlocata
925 1413 973 1472 cst
995 1408 1108 1473 mortui
1131 1408 1285 1476 caluaria.

266 1543 323 1588 ara
346 1523 501 1607 capitibus
527 1523 684 1606 arietinis,
714 1522 858 1588 manibus
888 1523 980 1606 signa
1002 1523 1150 1589 militaria
1172 1544 1287 1607 geren-

265 1638 357 1722 tibus,
383 1639 458 1721 biga
480 1638 616 1722 denique
639 1646 800 1722 exornata,
825 1639 913 1704 cuius
935 1639 1076 1723 quidem,
1097 1660 1166 1705 curn
1189 1641 1287 1708 nimis

267 1754 384 1820 adrosa
407 1754 448 1820 sit
470 1755 654 1840 superficies
677 1775 834 1838 gemmae,
865 1755 984 1822 incerta
1004 1762 1125 1821 tantum
1147 1757 1288 1842 uestigia

266 1876 442 1955 supersunt.

585 2087 614 2152 d)
633 2086 845 2144 luuussossvn
864 2087 963 2155 Dum).

335 2215 384 2281 15.
417 2213 595 2297 „Tabula
615 2238 845 2299 marmorea,
872 2220 907 2282 r'n
926 2239 991 2304 qua
1011 2217 1067 2283 aab
1088 2218 1177 2283 titulo
1198 2220 1286 2284 acul-

265 2344 355 2419 ptum
371 2333 554 2413 canistrum,
579 2331 671 2397 bircae
686 2334 832 2415 corollae,
840 2333 970 2418 femina
983 2355 1090 2400 coram
1104 2357 1207 2400 meone
1222 2340 1286 2402 tri·

262 2449 348 2536 pode
369 2451 405 2513 iu
428 2449 614 2514 lectisternio
639 2449 832 2514 decumbens.
873 2450 970 2515 Pluto
994 2453 1154 2538 quadrupe
1176 2465 1287 2519 uectus

266 2566 406 2630 unimam
428 2567 575 2651 rapiens,
599 2579 768 2653 praeeunte
783 2567 944 2632 Mercurio
966 2579 1108 2653 peracuto
1132 2581 1161 2634 et
1183 2571 1285 2636 codu-

267 2694 368 2763 ceuto,
400 2684 457 2766 qui
477 2683 649 2746 rotundam
672 2683 799 2748 domurn
820 2685 936 2765 intrat,
955 2706 1061 2772 prope
1084 2708 1180 2772 quarn
1201 2691 1288 2757 iacet

265 2796 427 2862 sceletua.“
450 2795 530 2862 haec
551 2797 708 2863 Gorius:
732 2799 952 2882 inscriptiones
974 2803 1069 2886 antiq.
1087 2803 1119 2867 in
1137 2785 1286 2874 Etruriae

266 2913 395 2978 urbibus
418 2918 578 2978 exstantes
602 2909 719 2997 (1726)
741 2936 771 2999 p.
790 2916 864 2980 382.
901 2916 940 2982 ci.
954 2916 1081 2984 Olfers
1097 2940 1128 3004 p.
1146 2921 1188 2986 32
1206 2943 1235 2987 n.
1250 2925 1283 2990 3.

267 3029 459 3112 Bottiger:
484 3027 678 3114 kunstmyth.
696 3030 728 3094 11
751 3051 782 3114 p.
800 3031 875 3096 495.

268 3221 480 3229 *-

339 3263 359 3327 ¹)
379 3259 440 3316 Orci
466 3261 616 3317 ianitricem
642 3264 670 3318 in
688 3263 830 3320 notissimo
849 3264 894 3322 illo
913 3266 1083 3337 sarcophago
1101 3267 1286 3338 Neapolitano

227 3431 229 3440 γ
266 3357 436 3427 exsculptam
456 3361 498 3427 (E.
518 3361 685 3416 Gerhard:
705 3361 799 3418 antike
816 3361 967 3419 bildwerke
985 3364 1042 3420 tab.
1057 3367 1099 3434 61,
1113 3367 1285 3428 Welcker:

266 3456 321 3509 alte
335 3454 495 3515 denkmaeler
514 3458 570 3513 tab.
585 3460 627 3528 14,
641 3461 683 3529 27,
697 3460 873 3515 Wieselor:
887 3461 962 3516 dkm.
976 3460 1002 3516 d.
1017 3463 1062 3516 alt.
1076 3463 1168 3519 kunst.
1180 3466 1206 3520 11
1225 3468 1286 3536 tab.

267 3554 310 3622 66,
323 3553 391 3623 841,
417 3553 447 3609 0.
460 3553 567 3610 Jahn:
590 3556 646 3612 ber.
661 3557 687 3611 d.
701 3557 790 3612 sacha.
803 3573 862 3626 ges.
877 3560 945 3613 1849
963 3558 1018 3615 tab.
1032 3561 1057 3630 8,
1071 3563 1147 3628 cett.)
1167 3562 1211 3618 hic
1228 3583 1286 3624 non

267 3648 396 3720 adposui,
424 3652 489 3720 quia
516 3653 635 3709 cadauer
662 3655 808 3726 capitaque
835 3654 954 3712 humana
981 3657 1017 3712 ad
1041 3673 1136 3728 rupem
1164 3659 1288 3722 iacentia

266 3762 347 3802 carne
360 3748 470 3817 quidem
490 3757 564 3806 tecta
582 3753 692 3808 scaletin
710 3754 891 3824 caluariisque
910 3754 1115 3811 adnumeranda
1133 3772 1188 3813 nou
1207 3762 1286 3820 uide-

264 3843 373 3902 bantur.
