2888 4590
738 315 783 380 40

253 496 418 579 errauerit,
448 495 510 559 nisi
540 493 612 578 ipsa
634 493 778 578 inspecta
800 514 926 577 gemma
950 491 1123 564 diiudieare
1145 510 1208 556 non
1231 491 1266 555 li·

192 649 193 652 *
253 606 375 694 oebit¹).

486 828 512 893 b)
539 825 797 883 Guossrcosvu
816 825 1035 889 AMvLeTnu.

325 951 424 1021 113*.
460 956 590 1041 Iaspis
618 955 729 1022 uiridis
751 956 852 1021 musei
874 956 948 1040 imp.
971 954 1268 1040 Petropolitani

254 1067 306 1156 (Q,
326 1073 355 1156 2,
377 1065 442 1155 17).
467 1107 510 1116 —
533 1074 599 1137 Leo
630 1073 662 1137 in
689 1074 806 1138 seeleto
830 1072 916 1138 humi
939 1072 1062 1138 iaeente
1085 1069 1267 1154 ingreditur.

254 1188 287 1253 in
310 1208 366 1254 ora
388 1208 531 1272 gemmae
554 1188 699 1272 gnostica
721 1188 879 1272 insoulpta
901 1196 950 1254 est
971 1187 1143 1272 inscriptio,

324 1304 397 1369 114.
433 1305 611 1370 Lucerna
639 1304 744 1369 fictilis
772 1304 872 1370 musei
901 1304 1061 1369 societatis
1089 1303 1270 1369 areheeolo-

254 1439 364 1504 gorum
380 1418 692 1503 Atheniensium,
718 1419 803 1502 quod
826 1425 875 1485 est
896 1420 930 1484 in
945 1419 1149 1484 Varuaeio.
1180 1439 1270 1502 oper-

255 1536 360 1601 eulum
389 1535 572 1621 anaglypho
602 1536 757 1620 impresso
781 1541 938 1618 ornatum,
972 1534 1013 1599 de
1036 1554 1098 1618 quo
1119 1534 1270 1600 Wiese-

255 1654 364 1718 ierus
393 1650 472 1718 haee
501 1652 591 1735 dieit,
622 1672 704 1734 quse
734 1651 860 1735 quidem
894 1651 994 1735 ipsius
1022 1651 1174 1717 benefioio
1208 1671 1270 1716 me·
1368 1651 1370 1654 ’

257 1788 329 1833 eum
352 1768 583 1832 eommunieuta
606 1767 764 1833 ascribere
787 1767 860 1832 lieet
882 1762 1035 1850 (arehtol.
1052 1767 1173 1833 berioht
1194 1767 1272 1832 iiber

256 1883 344 1949 seine
389 1884 471 1949 reise
510 1883 593 1948 neeh
635 1882 883 1949 Grieehenland:
928 1883 999 1948 ubh.
1035 1882 1066 1948 d.
1094 1881 1269 1966 hist-phil.

257 2001 361 2065 elusse
384 1998 441 2064 der
463 1999 495 2064 k.
514 2019 578 2064 soe.
597 1998 653 2064 der
676 1999 761 2064 wiss.
779 2021 805 2064 z.
824 1999 994 2082 Gottingen
1017 2000 1079 2064 ool.
1100 2000 1139 2063 19
1159 2019 1190 2082 p.
1207 2000 1270 2064 123

257 2108 353 2199 seq.):
381 2117 451 2200 „ein
461 2116 602 2202 panther
625 2117 701 2180 oder
715 2118 795 2201 tiper
817 2116 895 2180 steht
917 2114 994 2180 siber
1016 2117 1115 2179 einem
1129 2115 1270 2179 menoet-

258 2232 359 2296 loten
388 2231 509 2313 okelett,
545 2231 673 2296 welches
707 2232 917 2318 ampostreekt
950 2253 1002 2296 am
1031 2230 1131 2296 boden
1165 2226 1268 2317 liupr!

257 2349 432 2413 Huesitans
458 2347 668 2432 dubitansque
696 2350 843 2414 luoernae
870 2347 1086 2433 anaglyphum
1114 2347 1174 2413 hoe
1200 2348 1271 2413 loeo

259 2465 394 2549 apposui
417 2483 489 2530 eum
511 2485 575 2529 non
599 2465 677 2530 satis
701 2464 742 2530 de
757 2484 796 2530 eo
813 2471 958 2530 oonstare
974 2463 1123 2529 uiderem.
1154 2463 1195 2529 de
1210 2484 1271 2547 quo

259 2579 447 2665 apographo
470 2581 614 2665 inspecto
636 2581 748 2646 melius
771 2581 905 2646 fortasse
928 2586 1065 2646 statuere
1086 2580 1200 2646 lioebit.

331 2696 404 2760 115.
439 2695 596 2780 Pyrites
625 2695 763 2761 thesauri
790 2695 1117 2780 Heusmenniani‚
1150 2697 1203 2779 qui
1226 2702 1275 2762 est

314 2889 336 2952 ¹)
354 2885 470 2942 Gemma
488 2886 611 2942 Medieee
633 2901 700 2941 usus
718 2890 762 2942 est
780 2885 879 2942 artifex
898 2902 971 2942 seeo.
983 2887 1073 2957 XVII,
1092 2888 1139 2957 qui
1157 2887 1272 2942 eundem

260 2985 409 3054 imaginem
432 2985 574 3054 inseslpsit
595 2985 623 3039 in
646 2983 861 3054 heliotropio
884 2986 948 3041 olim
967 2985 1131 3055 Augustini,
1155 2999 1227 3040 nune
1245 2985 1274 3039 in

261 3096 358 3137 museo
375 3082 441 3152 imp.
459 3082 726 3152 Petropoliteno
745 3083 891 3138 adseruato
910 3085 950 3152 (ἵ,
969 3085 1000 3153 2,
1019 3085 1073 3150 24).
1104 3082 1276 3138 detineamnt

263 3179 463 3249 edideruntque
482 3180 664 3235 Leonerdo
676 3179 859 3250 Agostino:
878 3195 986 3250 gemme
998 3180 1108 3236 entiehe
1119 3179 1236 3250 figurate
1249 3180 1276 3235 11

261 3275 318 3331 tub.
328 3278 363 3332 33
381 3293 409 3347 p.
422 3277 457 3332 39
470 3291 547 3347 seqq.
561 3279 667 3349 (1669);
686 3277 763 3334 Ant.
775 3295 842 3333 ven
854 3278 954 3334 Delo:
973 3279 1039 3333 diss.
1052 3279 1092 3333 IX
1111 3278 1146 3333 de
1159 3278 1274 3347 untiqui-

261 3373 365 3430 tntibns
381 3391 409 3446 p.
421 3376 470 3446 ¹93
487 3373 623 3430 narsei:
641 3389 750 3445 gemme
768 3375 876 3431 entiehe
889 3376 915 3430 11
930 3374 1016 3430 teht)
1030 3379 1068 3445 (p.
1080 3376 1140 3446 19);
1159 3376 1276 3445 Hugue

262 3472 302 3527 de
320 3473 556 3528 Huneerviile:
576 3474 750 3542 supplement
768 3489 822 3528 eux
840 3473 1002 3528 reeherehes
1020 3489 1067 3528 sur
1085 3473 1208 3544 l'origine
1225 3473 1275 3528 des

262 3575 320 3625 srts
338 3570 373 3625 de
390 3571 418 3624 le
435 3567 523 3625 Greee
541 3568 598 3624 tub.
612 3572 655 3625 22.
685 3569 834 3640 Dupuis:
852 3572 976 3641 l’origino
994 3571 1030 3626 de
1048 3577 1112 3627 tous
1129 3572 1170 3627 les
1188 3572 1276 3627 oultes

261 3666 319 3722 tuh.
335 3669 376 3722 17.
405 3667 495 3724 Seei:
517 3667 800 3738 itithrsgeheimnisse
818 3667 874 3723 tub.
889 3671 955 3725 lle.

316 3765 339 3832 ¹)
357 3765 400 3820 De
419 3766 538 3821 amuleto
550 3767 755 3822 Passerieno
774 3766 898 3838 sphingis
917 3768 1064 3823 oduarium
1078 3767 1196 3822 tenentis
1208 3765 1275 3821 ime·

262 3863 328 3934 gine
345 3868 442 3920 ornato
461 3879 545 3935 supra
561 3867 599 3931 (n.
615 3865 658 3931 13)
676 3863 804 3919 diximus.
