2888 4590
696 317 844 400 ar'

211 514 364 579 conuulsa
392 513 661 598 praecipitataque
691 513 815 579 uidetur
843 513 1002 579 ebrietatis
1030 514 1071 577 ui.
1111 514 1142 577 in
1173 533 1225 578 ea,

210 629 282 711 dem
306 636 430 695 cratera
451 629 577 713 palmae
600 650 705 696 ramus
728 636 784 696 est.
822 631 956 696 alaeue
978 629 1107 696 aduolat
1126 630 1224 694 Amor
1305 713 1308 718 ,

207 746 308 811 facem
331 751 451 811 tenens.

278 863 349 927 106.
391 861 559 944 Gemma,
590 880 684 945 quam
707 859 796 945 apud
818 860 1025 926 Laiardum
1047 861 1150 926 uisam
1172 860 1222 926 his

206 977 272 1042 iere
301 977 406 1042 uerbis
437 976 604 1061 descripsit
628 976 857 1060 Radulphus
881 977 1091 1042 Rochettus
1115 972 1219 1060 (mem.

207 1091 247 1157 de
273 1092 384 1158 l'aead.
408 1092 465 1158 des
493 1093 567 1157 insr.
594 1099 637 1182 to.
659 1095 713 1177 13,
749 1094 848 1175 1838,
878 1113 909 1177 p.
934 1086 1026 1175 722):
1059 1093 1151 1178 „c'eat
1177 1116 1222 1156 oo

206 1208 352 1293 aquelette
380 1211 477 1289 anaia,
511 1208 538 1272 le
561 1209 658 1273 coede
678 1208 799 1294 pacche
822 1212 952 1294 oppcpd
974 1232 1029 1273 aar
1054 1231 1115 1273 une
1141 1208 1220 1294 lyra,

206 1337 315 1389 tenant
337 1327 376 1389 de
399 1325 431 1388 tu
453 1326 541 1388 modu
556 1325 657 1389 droite
680 1347 740 1388 aaa
763 1324 914 1411 ampliore
937 1324 1049 1390 dedocet
1071 1303 1101 1389 et
1122 1337 1222 1410 cpont

206 1417 322 1506 dccabt
338 1441 385 1505 lai
399 1463 460 1505 one
474 1453 564 1505 autre
579 1440 729 1527 ampliore
744 1440 885 1522 coocbde,
903 1463 977 1505 onec
992 1463 1052 1506 one
1064 1462 1221 1506 conrnune

205 1559 287 1622 dana
310 1557 337 1621 le
359 1550 467 1620 bout.“

276 1671 348 1738 107.
384 1671 509 1738 Sarda
534 1671 690 1755 semina,
722 1673 795 1738 olim
828 1674 937 1759 „apud
964 1675 1097 1758 equitem
1119 1671 1218 1737 Nico·
1312 1665 1313 1668 '

206 1791 292 1853 loom
321 1788 521 1874 Vtecybela
550 1787 594 1852 D.
612 1787 653 1852 A.
674 1785 712 1855 G.
731 1782 792 1853 R.“
824 1795 903 1854 teste
931 1789 1130 1871 Borionio,
1166 1789 1218 1870 qui

204 1895 323 1990 primus
346 1925 502 1989 gemmam
525 1903 624 1970 edidit
646 1905 679 1969 in
699 1906 902 1970 collectaneis
925 1905 1142 1989 antiquitatum
1158 1905 1218 1969 Ro·

206 2041 370 2086 manarum
391 2021 454 2085 tab.
470 2021 512 2086 80
533 2015 659 2103 (1736).
695 2020 847 2105 pictorem
870 2027 973 2087 autem
996 2033 1059 2104 quo
1079 2040 1154 2085 usus
1170 2025 1224 2085 est

206 2136 247 2201 ad
263 2134 486 2202 delineandam
502 2156 657 2218 gemmam
680 2136 713 2200 in
733 2137 939 2220 grauissimos
962 2136 1112 2202 incidisse
1135 2156 1217 2200 erro·

204 2273 255 2319 res
279 2258 426 2337 apparet3
451 2253 562 2336 quibus
585 2273 648 2318 non
671 2253 846 2337 perspectis
869 2252 993 2319 Olfers
1018 2273 1052 2317 se
1068 2252 1162 2317 ualde
1177 2251 1218 2318 de

204 2369 321 2454 lapidis
338 2375 440 2434 aetate
457 2368 598 2434 dubitare
614 2368 722 2433 scribit
744 2389 774 2453 p.
790 2369 832 2432 36
854 2389 885 2434 n.
899 2369 928 2431 3.
966 2373 1014 2432 cst
1029 2374 1132 2433 autem
1148 2368 1217 2433 sine

204 2485 299 2551 dubio
329 2486 484 2569 antiquus.
518 2519 557 2528 -
585 2486 623 2548 In
646 2483 752 2550 media
775 2483 871 2549 sarda
893 2484 983 2548 larua
1005 2484 1037 2548 in
1065 2484 1217 2569 amphora

206 2599 321 2668 sedens
337 2602 496 2686 insculpta
511 2606 567 2683 est,
585 2599 718 2684 pedibus
734 2607 835 2665 rotam
851 2601 994 2684 calcans3
1011 2601 1104 2666 laeua
1119 2620 1216 2666 cornu

205 2718 315 2803 copiae
341 2723 426 2784 tenet
450 2714 525 2797 (nisi
548 2716 628 2782 forte
651 2716 788 2801 rhytium
817 2717 849 2781 in
872 2737 997 2800 gemma
1020 2719 1216 2801 exsculptum

203 2829 308 2917 erat).·
331 2833 427 2918 capiti
446 2834 555 2898 laruae
576 2832 835 2917 perpendiculum
858 2833 1026 2918 impendet
1063 2855 1083 2898 a
1105 2833 1216 2900 dextra

203 2949 314 3034 lacem,
339 2950 540 3034 papilionem,
565 2948 678 3014 florem
697 2970 730 3015 re
746 2969 823 3014 uera
844 2949 918 3014 ficta
932 2948 1030 3015 fuisse
1052 2951 1216 3034 probabile

205 3072 261 3132 cst.
299 3072 409 3131 contra
431 3066 561 3130 alaeua
587 3064 729 3148 thyrsum
745 3071 776 3129 et
791 3065 935 3130 baculum
959 3086 1029 3131 cum
1052 3087 1131 3150 pera
1151 3087 1214 3131 non

202 3203 380 3266 agnoscens
405 3181 561 3246 mirabilia
584 3180 741 3264 quaedam
765 3181 908 3265 appinxit
931 3181 1053 3247 artifex.

463 3401 499 3470 s)
518 3396 671 3454 naevus
695 3397 948 3466 snnrnnrnsu.

272 3529 344 3595 108.
367 3523 636 3614 Anafglyphum
652 3528 787 3613 sepulcri
800 3528 956 3622 Cumani
972 3528 1102 3593 tectorio
1118 3548 1214 3613 opere

203 3646 391 3712 confectum:
422 3643 506 3728 quod
535 3663 618 3710 anno
644 3644 729 3709 1809
758 3645 906 3710 effossum
930 3643 1073 3728 depinxit
1094 3644 1213 3728 primus

273 3804 293 3868 ι)
312 3799 437 3870 Sigillum
456 3814 566 3855 aereum
586 3799 813 3855 Arothiannm
831 3800 860 3855 in
878 3815 933 3869 qno
951 3799 1094 3854 tractando
1112 3800 1213 3855 saltan-

201 3893 257 3944 tem
269 3890 374 3945 laruam
387 3888 599 3960 deprehendisse
612 3889 663 3944 sibi
676 3890 752 3945 uisus
764 3895 807 3946 est
816 3888 1038 3946 Gaudeebens
1051 3888 1089 3956 (d.
1101 3889 1211 3947 antikcu
