2888 4590
638 375 680 442 27

151 552 290 618 Poleni
321 553 481 636 utriusque
503 552 642 618 thesauri
667 555 884 638 supplemento
907 553 969 617 uol.
986 553 1031 618 IV
1053 573 1084 636 p.
1102 553 1168 617 424

152 675 183 733 et
199 668 273 733 662.
312 667 415 733 denuo
432 669 600 752 exscripsit
615 668 822 754 apographon
838 669 1034 754 Spanianum
1045 668 1168 733 ‹Mont-

150 783 307 848 faucon:
332 783 504 866 l’antiquile
526 784 693 868 expliquee
715 787 776 850 uol.
792 786 817 867 I,
838 786 854 848 1
879 785 940 849 tab.
961 784 1033 866 121,
1051 785 1080 848 2.
1118 803 1168 848 eo-

154 897 224 964 dem
252 897 318 963 fere
347 904 487 982 tempore
519 919 581 982 quo
604 900 775 984 Bagarrius
804 899 956 965 delineari
979 899 1070 964 iussit
1091 919 1168 964 ana·

153 1013 304 1098 glyphum
340 1013 549 1079 Cassianus
584 1035 604 1078 a
637 1015 759 1080 Puteo
793 1010 860 1096 (dal
895 1008 1043 1098 Pozzo¹),
1079 1014 1168 1080 ouius

155 1128 292 1195 schedae
316 1149 398 1194 nunc
422 1128 631 1195 adseruantur
654 1131 685 1193 in
710 1130 840 1196 castello
856 1119 1102 1195 Windsoriano.¹
1128 1150 1168 1202 ex

154 1245 267 1327 quibus
289 1244 462 1328 ¹marmoris
485 1243 692 1329 apographon
722 1245 763 1310 ad
791 1246 968 1330 exemplum
994 1246 1168 1310 Puteanum

154 1359 345 1425 delineatum
368 1379 490 1424 mecum
514 1360 910 1426 communicauitMataius.
934 1395 977 1404 -
997 1361 1035 1424 In
1056 1360 1168 1425 dextra

154 1474 326 1559 anaglyphi
356 1480 446 1558 parte
481 1476 662 1559 exsculptus
698 1482 746 1540 est
778 1477 901 1541 iuuenis
935 1476 1021 1540 humi
1048 1475 1166 1557 iacens,

154 1597 289 1674 togatus,
315 1590 342 1654 si
364 1589 491 1672 quidem
507 1592 651 1674 exemplo
667 1591 890 1657 Windsoriano
907 1591 1062 1657 oredimus
1083 1590 1168 1674 quod

154 1705 251 1770 multo
274 1711 323 1770 est
337 1706 549 1790 praestantius
564 1706 768 1789 Bagarriano.
810 1726 907 1791 supra
930 1707 1015 1772 uolat
1036 1706 1166 1790 papilio.

154 1821 293 1885 caluaria
309 1820 350 1885 ad
366 1821 464 1904 pedes
481 1821 636 1904 apposita,
650 1824 789 1888 corollae
804 1823 836 1886 in
847 1813 968 1907 pariete
983 1841 1165 1906 suspensae,

154 1936 393 2019 unguentarium
423 1936 559 2019 denique
581 1915 735 2000 nonnum
758 1957 830 2002 esse
860 1938 1003 2004 iuuenem
1027 1937 1168 2002 indicant

153 2051 273 2133 riteque
305 2053 449 2135 sepulcro
473 2050 641 2116 conditum.
681 2073 702 2116 a
723 2052 816 2118 laeua
844 2055 1098 2138 appropinquant
1120 2053 1168 2118 uir

153 2171 279 2249 togatus
303 2173 334 2231 et
357 2167 469 2232 mulier
499 2168 580 2232 inter
604 2187 638 2232 se
666 2169 897 2252 conloquentes,
922 2176 1068 2253 parentes
1092 2175 1167 2253 puto

153 2282 274 2346 mortui.
321 2281 461 2346 caluaria
490 2281 523 2345 in
552 2281 691 2365 imagine
718 2304 798 2367 quae
825 2291 874 2349 est
900 2284 985 2369 apud
1014 2279 1166 2368 Sponium

157 2396 292 2462 aduersa
315 2403 363 2462 est
386 2396 552 2480 delineata,
578 2397 610 2461 in
634 2399 778 2496 exemplo
801 2395 943 2464 Puteano
966 2421 986 2464 a
1007 2401 1114 2465 latere.

221 2513 273 2577 80.
310 2511 589 2597 Anaglyphum
618 2533 713 2597 opere
735 2515 865 2580 tectorio
892 2516 1080 2599 confectum,
1105 2536 1167 2599 qno

155 2635 283 2692 ornatur
316 2628 493 2712 sepulerum
522 2629 785 2712 Pompeianorum
815 2630 847 2694 in
874 2631 927 2695 uia
953 2633 1166 2716 sepulcrorum

154 2763 233 2825 quae
251 2741 365 2808 dieitur
381 2763 464 2807 anno
480 2743 565 2808 1812
577 2744 734 2809 effossum.
764 2747 978 2831 anaglyphum
989 2747 1165 2813 ediderunt:

152 2859 298 2923 Mazois
329 2859 434 2924 ruines
465 2858 506 2923 de
536 2860 706 2944 PompeiI
737 2861 799 2926 tah.
818 2863 928 2946 29,·4,
958 2863 1007 2929 W.
1030 2863 1165 2929 Smith:

153 2956 330 3058 dictionary
371 2974 407 3038 oi
442 2974 542 3057 greek
581 2974 645 3039 and
680 2996 790 3042 roman
823 2979 1002 3062 antiquities
1036 3001 1067 3063 p.
1089 2981 1165 3064 442,

154 3089 352 3175 Sihirsky:
378 3090 543 3172 catalogue
566 3089 623 3156 des
646 3091 810 3157 medailles
833 3092 875 3158 du
898 3094 1063 3179 Bosphore
1086 3096 1167 3162 Gim-

153 3203 271 3269 merien
287 3206 312 3287 I,
329 3208 344 3269 1
370 3225 401 3288 p.
416 3205 575 3287 CLXXII,
594 3205 814 3272 Ouerbeck:
839 3210 983 3295 Pompeji
994 3204 1046 3275 11²
1067 3232 1097 3295 p.
1112 3213 1164 3295 36,

153 3320 339 3385 Weisser:
371 3320 553 3386 bilderatlas
576 3341 630 3385 aur
652 3323 833 3406 weltgesch.
855 3326 881 3407 I,
899 3326 933 3408 2,
958 3326 1167 3392 lebensbilder

153 3435 214 3500 tab.
235 3435 285 3517 19,
303 3436 358 3500 24;
396 3435 584 3501 ci.01fers
608 3457 638 3521 p.
656 3439 708 3520 30,
730 3443 755 3502 1.
781 3473 824 3482 -
847 3441 952 3506 Larua
974 3441 1067 3507 nudis
1088 3444 1166 3508 ossi-

153 3550 210 3615 bus
246 3551 419 3617 cohaerens
454 3551 487 3616 in
519 3553 666 3635 congerie
701 3553 837 3636 quadarn
872 3556 1012 3640 lapidum
1047 3559 1165 3625 cubans

153 3686 174 3730 a
194 3666 311 3730 femina
333 3666 439 3732 taenia
462 3673 597 3732 ornatur.

227 3822 248 3887 ¹)
275 3820 399 3876 llortuus
420 3826 463 3875 est
484 3837 508 3876 a.
530 3823 607 3876 1657.
635 3838 661 3877 u.
680 3823 839 3880 Matziunr
867 3827 884 3881 l.
899 3827 916 3881 l.
941 3843 968 3899 p.
984 3829 1017 3882 61
1036 3842 1113 3899 seqq.
1138 3832 1166 3883 et

154 3906 289 3964 archaeol.
305 3909 418 3983 aeitung
437 3911 506 3965 1813
525 3927 551 3983 p.
565 3912 600 3966 33
619 3927 695 3986 seqq.
