2888 4590
750 335 795 403 52

265 515 378 598 quibus
394 514 537 579 Sirenum
558 514 705 596 scopulos
730 514 843 578 cecinit
865 512 1037 577 multorom
1053 513 1173 577 oaaibaa
1190 512 1282 577 alboa

264 625 310 713 (μ.
328 631 371 693 45
395 625 499 711 neq.)?
532 635 637 694 tamen
664 629 697 693 in
723 635 811 693 tanto
839 629 983 714 Sirenum
1011 628 1152 693 fictarum
1180 629 1281 711 picta-

266 764 396 827 rumque
411 764 550 827 numero,
576 764 667 827 quem
691 745 869 828 nuperrime
891 743 1029 826 undique
1052 750 1283 826 congesserunt

263 861 405 926 homines
429 859 513 925 docti
536 855 718 943 (Stephani:
749 859 1159 946 compte-rcadcp.1866
1186 878 1216 942 p.
1235 860 1280 923 36

264 996 363 1059 seqq„
383 998 418 1061 p.
436 969 580 1058 1870s71
605 995 635 1058 p.
657 976 719 1040 143
741 995 846 1058 seqq.3
871 974 1043 1039 Schrader:
1069 971 1280 1057 ὠδίνουσα),

265 1113 359 1157 unam
383 1098 414 1156 et
437 1091 539 1155 solam
561 1090 712 1155 habemus
735 1090 889 1174 picturam
905 1109 1037 1172 eamque
1053 1090 1281 1174 Pompeianam

266 1208 298 1272 in
322 1226 385 1290 qua
408 1226 482 1271 ossa
505 1206 561 1270 illa
583 1226 603 1270 a
626 1206 728 1289 poetis
751 1205 919 1271 decantata
942 1206 1071 1289 appicta
1093 1206 1169 1289 sint,
1198 1224 1281 1288 quae

265 1330 366 1387 utrum
400 1321 550 1387 artificem
586 1327 687 1386 aetate
721 1321 871 1385 maiorem
906 1328 1031 1386 secutus
1066 1320 1280 1405 Pompeianus

265 1439 381 1523 pictor,
412 1458 453 1502 an
481 1458 520 1502 ex
543 1437 609 1502 suia
633 1436 792 1518 adiecerit,
817 1436 909 1502 nobis
932 1438 995 1501 iam
1019 1435 1193 1503 diiudicare
1215 1458 1280 1503 non

265 1554 347 1619 licet.

334 1666 426 1746 Quod
450 1687 490 1732 ne
514 1686 590 1733 casu
614 1666 770 1732 accidisse
793 1667 954 1732 existimes
974 1668 1107 1733 alterum
1122 1667 1280 1751 proferam

267 1784 443 1866 exemplum
472 1802 512 1860 ex
540 1801 601 1864 quo
629 1787 783 1866 appareat
812 1802 950 1848 summos
985 1783 1121 1849 artifices
1150 1803 1280 1867 operam

200 1911 201 1916 ’
267 1898 403 1982 dedisse,
428 1918 468 1964 ne
490 1897 568 1962 talia
588 1897 751 1980 fingerent.

333 2016 532 2099 Polygnotus¹
559 2012 641 2077 enim
669 2014 802 2078 cumin
830 2016 923 2100 λέσχῃ
954 2011 1110 2096 Delphica
1137 2012 1280 2096 Euryno-

267 2150 351 2194 mum
373 2130 460 2194 illum
483 2128 636 2211 pingeret,
653 2148 745 2210 quem
769 2130 912 2214 deipara
928 2131 1011 2193 alum
1033 2128 1097 2193 τῶν
1111 2127 1147 2193 ἐν
1166 2124 1281 2192 ‘Aaou

268 2248 369 2331 φασὶν
392 2244 422 2311 οἳ
445 2245 583 2330 Δελιμῶν
605 2245 751 2330 ἐξηγηταὶ
768 2292 909 2320 ......
932 2245 986 2307 καὶ
1014 2241 1057 2318 ὡς
1080 2240 1138 2318 τὰς
1160 2242 1281 2327 σάρκας

267 2365 443 2445 περιεσθίει
465 2361 528 2425 τῶν
545 2361 676 2443 νεκρῶν,
697 2359 784 2444 μόνα
808 2365 917 2446 σφίσιν
938 2354 1123 2425 ἀπολείπων
1147 2357 1185 2422 τοὶ
1202 2354 1280 2424 ὀστᾶ

267 2473 375 2560 (Paua.
396 2478 445 2559 10,
461 2478 512 2558 28,
528 2472 571 2558 7),
589 2495 645 2540 cur
659 2481 850 2540 mortuorum
871 2475 1019 2559 reliquiae
1035 2497 1099 2541 non
1114 2476 1281 2559 appinxit?

268 2591 380 2673 quibus
409 2589 526 2656 additia
554 2589 678 2656 facilius
707 2591 931 2674 cognouisscnt
964 2597 1174 2675 spectatorem
1210 2591 1281 2674 quis

269 2712 353 2771 esset
368 2707 421 2771 ille
436 2706 630 2790 Delphorum
646 2707 854 2791 Eurynomua
888 2706 1014 2789 ignotus
1032 2707 1114 2772 enim
1130 2712 1197 2771 crat
1212 2707 1281 2771 reli-

269 2823 339 2903 quis
356 2822 487 2887 Graecis
510 2828 588 2886 teste
608 2822 781 2886 Pausania:
806 2818 826 2906 ἢ
849 2821 884 2885 δὲ
901 2818 1039 2906 Ὁμήρου
1062 2826 1186 2907 ποίησις
1207 2818 1227 2907 ἦ
1249 2822 1282 2897 ἐς

261 2932 419 3001 Ὀδυσσέα
441 2938 495 3000 καὶ
510 2934 530 3022 ἡ
546 2936 675 3011 Μινυάς
690 2962 723 3001 τε
745 2938 924 3021 καλουμένη
941 2938 999 3000 ’καὶ
1014 2935 1045 3001 οἳ
1060 2936 1178 3002 Νόσιοι
1195 2984 1203 3001 .
1221 2983 1229 3000 .
1247 2983 1255 3000 .
1273 2983 1282 3000 .

270 3057 376 3118 ἴσασιν
399 3047 517 3117 οὐδένα
540 3048 727 3136 Εὐρύνομον
751 3052 902 3136 δαίμονα.
942 3058 974 3116 at
1003 3072 1076 3116 uero
1105 3052 1184 3116 nihil
1214 3052 1281 3117 eius

269 3166 354 3232 modi
379 3168 522 3251 appinxit
543 3168 747 3252 Polygnotum
773 3169 889 3252 quippe
912 3169 963 3232 cui
986 3168 1084 3232 satius
1108 3167 1218 3232 fuisset
1239 3167 1282 3231 le-

270 3283 349 3347 uiter
378 3283 557 3365 significare
585 3284 721 3348 numinis
748 3285 811 3349 uim
836 3290 866 3348 ct
893 3290 1050 3348 naturam:
1080 3284 1201 3347 κυανοῦ
1228 3279 1283 3366 τὴν

270 3398 371 3481 χρόαν
400 3396 519 3482 μεταξύ
540 3398 604 3462 ἐστι
631 3400 685 3461 καὶ
707 3400 858 3481 μέλανος,
882 3396 992 3464 ὁποῖαι
1014 3400 1068 3461 καὶ
1091 3400 1154 3462 τῶν
1180 3399 1283 3482 μυιῶν

272 3512 307 3577 αἱ
334 3511 413 3598 πρὸς
436 3511 475 3577 τὰ
504 3518 581 3594 κρέα
609 3515 669 3578 εἰσὶ
697 3514 961 3598 προσιζάνουσαι,
989 3510 1061 3588 τοὺς
1090 3512 1125 3577 δὲ
1149 3508 1284 3588 ὀδόντας

271 3633 393 3714 φαίνει,
416 3628 623 3714 καθεζομένῳ
648 3628 683 3692 δὲ
706 3624 904 3713 ὑπέστρωταί
925 3627 957 3693 οἳ
980 3627 1082 3712 δέρμα
1104 3628 1215 3709 γυπός.

339 3743 430 3821 Quod
459 3763 498 3808 ne
526 3744 617 3808 unius
647 3744 815 3828 Polygnoti
844 3744 1004 3828 proprium
1032 3750 1138 3826 putes,
1170 3763 1283 3808 moneo

271 3860 304 3924 in
327 3862 427 3924 altera
454 3878 578 3942 quoque
601 3858 742 3924 eiusdem
765 3859 877 3924 aetatis
901 3859 1023 3942 pictura
1047 3859 1135 3924 cuius
1158 3863 1284 3943 μίμημα
