<?xml version="1.0" encoding="UTF-8"?>
<!DOCTYPE html PUBLIC "-//W3C//DTD XHTML 1.0 Transitional//EN"
    "http://www.w3.org/TR/xhtml1/DTD/xhtml1-transitional.dtd">
<html xmlns="http://www.w3.org/1999/xhtml" xml:lang="en" lang="en">
 <head>
  <title>
</title>
<meta http-equiv="Content-Type" content="text/html;charset=utf-8" />
  <meta name='ocr-system' content='tesseract 3.04.00' />
  <meta name='ocr-capabilities' content='ocr_page ocr_carea ocr_par ocr_line ocrx_word'/>
</head>
<body>
  <div class='ocr_page' id='page_1' title='image "./deossiumhumanor00treugoog_0017.png"; bbox 0 0 2888 4590; ppageno 0'>
   <div class='ocr_carea' id='block_1_1' title="bbox 781 396 802 462">
    <p class='ocr_par' dir='ltr' id='par_1_1' title="bbox 781 396 802 462">
     <span class='ocr_line' id='line_1_1' title="bbox 781 396 802 462; baseline 0 0"><span class='ocrx_word' id='word_1_1' title='bbox 781 396 802 462; x_wconf 81' lang='lat'><em>2</em></span> 
     </span>
    </p>
   </div>
   <div class='ocr_carea' id='block_1_2' title="bbox 283 570 1303 1008">
    <p class='ocr_par' dir='ltr' id='par_1_2' title="bbox 283 570 1303 1008">
     <span class='ocr_line' id='line_1_2' title="bbox 283 570 1302 660; baseline 0.003 -22"><span class='ocrx_word' id='word_1_2' title='bbox 283 570 432 638; x_wconf 81' lang='lat' dir='ltr'><strong>schriiten</strong></span> <span class='ocrx_word' id='word_1_3' title='bbox 459 573 509 638; x_wconf 91' lang='lat' dir='ltr'><strong>III</strong></span> <span class='ocrx_word' id='word_1_4' title='bbox 535 594 565 658; x_wconf 91' lang='lat' dir='ltr'><strong>p.</strong></span> <span class='ocrx_word' id='word_1_5' title='bbox 585 573 659 638; x_wconf 78' lang='lat'><strong>223.</strong></span> <span class='ocrx_word' id='word_1_6' title='bbox 711 573 743 640; x_wconf 93' lang='lat' dir='ltr'><strong>in</strong></span> <span class='ocrx_word' id='word_1_7' title='bbox 770 573 920 640; x_wconf 88' lang='lat' dir='ltr'><strong>Pandora</strong></span> <span class='ocrx_word' id='word_1_8' title='bbox 946 595 1071 658; x_wconf 90' lang='lat' dir='ltr'><strong>quoque</strong></span> <span class='ocrx_word' id='word_1_9' title='bbox 1098 574 1302 660; x_wconf 79' lang='lat' dir='ltr'><strong>ephemeride</strong></span> 
     </span>
     <span class='ocr_line' id='line_1_3' title="bbox 283 684 1302 776; baseline 0.003 -22"><span class='ocrx_word' id='word_1_10' title='bbox 283 709 399 773; x_wconf 86' lang='lat' dir='ltr'><strong>graeca</strong></span> <span class='ocrx_word' id='word_1_11' title='bbox 421 685 532 773; x_wconf 79' lang='lat'><strong>(1857,</strong></span> <span class='ocrx_word' id='word_1_12' title='bbox 551 691 629 754; x_wconf 91' lang='lat' dir='ltr'>VIII</span> <span class='ocrx_word' id='word_1_13' title='bbox 652 710 682 774; x_wconf 91' lang='lat' dir='ltr'><strong>p.</strong></span> <span class='ocrx_word' id='word_1_14' title='bbox 702 684 781 773; x_wconf 78' lang='lat'>282)</span> <span class='ocrx_word' id='word_1_15' title='bbox 806 689 945 756; x_wconf 88' lang='lat' dir='ltr'><strong>thoracis</strong></span> <span class='ocrx_word' id='word_1_16' title='bbox 968 691 1106 756; x_wconf 87' lang='lat' dir='ltr'><strong>uatieani</strong></span> <span class='ocrx_word' id='word_1_17' title='bbox 1129 691 1302 776; x_wconf 81' lang='lat' dir='ltr'><strong>imaginem</strong></span> 
     </span>
     <span class='ocr_line' id='line_1_4' title="bbox 283 804 1303 892; baseline 0.004 -23"><span class='ocrx_word' id='word_1_18' title='bbox 283 804 597 888; x_wconf 84' lang='lat' dir='ltr'><strong>dissertationemque</strong></span> <span class='ocrx_word' id='word_1_19' title='bbox 614 826 634 870; x_wconf 88' lang='lat' dir='ltr'><strong>a</strong></span> <span class='ocrx_word' id='word_1_20' title='bbox 650 805 694 870; x_wconf 91' lang='lat' dir='ltr'><strong>de</strong></span> <span class='ocrx_word' id='word_1_21' title='bbox 711 805 868 889; x_wconf 80' lang='lat' dir='ltr'><strong>Gigalla</strong></span> <span class='ocrx_word' id='word_1_22' title='bbox 888 806 1037 890; x_wconf 82' lang='lat' dir='ltr'><strong>scriptam</strong></span> <span class='ocrx_word' id='word_1_23' title='bbox 1054 807 1159 872; x_wconf 91' lang='lat' dir='ltr'><strong>inesse</strong></span> <span class='ocrx_word' id='word_1_24' title='bbox 1174 807 1303 892; x_wconf 88' lang='lat' dir='ltr'><strong>Heyde-</strong></span> 
     </span>
     <span class='ocr_line' id='line_1_5' title="bbox 284 921 1265 1008; baseline 0.003 -23"><span class='ocrx_word' id='word_1_25' title='bbox 284 941 418 986; x_wconf 92' lang='lat' dir='ltr'><strong>mannus</strong></span> <span class='ocrx_word' id='word_1_26' title='bbox 441 921 576 1004; x_wconf 87' lang='lat' dir='ltr'><strong>monuit;</strong></span> <span class='ocrx_word' id='word_1_27' title='bbox 600 921 677 986; x_wconf 94' lang='lat' dir='ltr'><strong>mihi</strong></span> <span class='ocrx_word' id='word_1_28' title='bbox 700 928 803 986; x_wconf 88' lang='lat' dir='ltr'><strong>autem</strong></span> <span class='ocrx_word' id='word_1_29' title='bbox 827 927 969 987; x_wconf 83' lang='lat' dir='ltr'><strong>neutram</strong></span> <span class='ocrx_word' id='word_1_30' title='bbox 993 923 1101 988; x_wconf 88' lang='lat' dir='ltr'><strong>uidere</strong></span> <span class='ocrx_word' id='word_1_31' title='bbox 1125 924 1265 1008; x_wconf 85' lang='lat' dir='ltr'><strong>contigit.</strong></span> 
     </span>
    </p>
   </div>
   <div class='ocr_carea' id='block_1_3' title="bbox 302 1195 1282 1395">
    <p class='ocr_par' dir='ltr' id='par_1_3' title="bbox 302 1195 1282 1395">
     <span class='ocr_line' id='line_1_6' title="bbox 762 1195 813 1260; baseline 0 0"><span class='ocrx_word' id='word_1_32' title='bbox 762 1195 813 1260; x_wconf 93' lang='grc' dir='ltr'><strong>Π.</strong></span> 
     </span>
     <span class='ocr_line' id='line_1_7' title="bbox 302 1293 1282 1395; baseline 0 -17"><span class='ocrx_word' id='word_1_33' title='bbox 302 1315 386 1378; x_wconf 76' lang='lat' dir='ltr'><strong>Artis</strong></span> <span class='ocrx_word' id='word_1_34' title='bbox 411 1333 503 1395; x_wconf 77' lang='lat' dir='ltr'><strong>opera</strong></span> <span class='ocrx_word' id='word_1_35' title='bbox 532 1317 572 1378; x_wconf 81' lang='lat' dir='ltr'><strong>ad</strong></span> <span class='ocrx_word' id='word_1_36' title='bbox 596 1315 765 1378; x_wconf 78' lang='lat' dir='ltr'><strong>fabulosam</strong></span> <span class='ocrx_word' id='word_1_37' title='bbox 795 1313 986 1394; x_wconf 81' lang='lat' dir='ltr'><strong>antiquorum</strong></span> <span class='ocrx_word' id='word_1_38' title='bbox 1010 1293 1167 1377; x_wconf 73' lang='lat' dir='ltr'><strong>bisterton</strong></span> <span class='ocrx_word' id='word_1_39' title='bbox 1190 1315 1282 1395; x_wconf 88' lang='lat' dir='ltr'><strong>perti·</strong></span> 
     </span>
    </p>
   </div>
   <div class='ocr_carea' id='block_1_4' title="bbox 415 1421 1173 1605">
    <p class='ocr_par' dir='ltr' id='par_1_4' title="bbox 415 1421 1173 1605">
     <span class='ocr_line' id='line_1_8' title="bbox 738 1421 844 1484; baseline -0.009 0"><span class='ocrx_word' id='word_1_40' title='bbox 738 1421 844 1484; x_wconf 78' lang='lat' dir='ltr'><strong>nentia</strong></span> 
     </span>
     <span class='ocr_line' id='line_1_9' title="bbox 415 1515 1173 1605; baseline 0.003 -16"><span class='ocrx_word' id='word_1_41' title='bbox 415 1530 446 1590; x_wconf 90' lang='lat' dir='ltr'><strong>in</strong></span> <span class='ocrx_word' id='word_1_42' title='bbox 467 1530 568 1605; x_wconf 87' lang='lat' dir='ltr'><strong>quibus</strong></span> <span class='ocrx_word' id='word_1_43' title='bbox 590 1548 656 1591; x_wconf 84' lang='lat' dir='ltr'><strong>ossa</strong></span> <span class='ocrx_word' id='word_1_44' title='bbox 677 1531 853 1605; x_wconf 87' lang='lat' dir='ltr'><strong>sceletosque</strong></span> <span class='ocrx_word' id='word_1_45' title='bbox 874 1530 1015 1590; x_wconf 88' lang='lat' dir='ltr'><strong>finxerunt</strong></span> <span class='ocrx_word' id='word_1_46' title='bbox 1035 1515 1173 1591; x_wconf 80' lang='lat' dir='ltr'><strong>artifices.</strong></span> 
     </span>
    </p>
   </div>
   <div class='ocr_carea' id='block_1_5' title="bbox 688 1696 895 1766">
    <p class='ocr_par' dir='ltr' id='par_1_5' title="bbox 688 1696 895 1766">
     <span class='ocr_line' id='line_1_10' title="bbox 688 1696 895 1766; baseline 0.01 -14"><span class='ocrx_word' id='word_1_47' title='bbox 688 1699 714 1766; x_wconf 83' lang='lat' dir='ltr'><strong>a)</strong></span> <span class='ocrx_word' id='word_1_48' title='bbox 734 1696 895 1754; x_wconf 71' lang='lat' dir='ltr'><strong>manuus,</strong></span> 
     </span>
    </p>
   </div>
   <div class='ocr_carea' id='block_1_6' title="bbox 284 1834 1307 3081">
    <p class='ocr_par' dir='ltr' id='par_1_6' title="bbox 284 1834 1307 3081">
     <span class='ocr_line' id='line_1_11' title="bbox 352 1834 1302 1921; baseline 0.001 -21"><span class='ocrx_word' id='word_1_49' title='bbox 352 1836 381 1900; x_wconf 79' lang='lat'><strong>2.</strong></span> <span class='ocrx_word' id='word_1_50' title='bbox 417 1836 594 1900; x_wconf 88' lang='lat' dir='ltr'><strong>Parietis</strong></span> <span class='ocrx_word' id='word_1_51' title='bbox 625 1837 778 1921; x_wconf 81' lang='lat' dir='ltr'><strong>pictura</strong></span> <span class='ocrx_word' id='word_1_52' title='bbox 800 1835 996 1919; x_wconf 85' lang='lat' dir='ltr'><strong>Pompeiana</strong></span> <span class='ocrx_word' id='word_1_53' title='bbox 1019 1834 1092 1900; x_wconf 89' lang='lat' dir='ltr'><strong>duci</strong></span> <span class='ocrx_word' id='word_1_54' title='bbox 1120 1835 1160 1900; x_wconf 90' lang='lat' dir='ltr'><strong>de</strong></span> <span class='ocrx_word' id='word_1_55' title='bbox 1183 1835 1302 1902; x_wconf 88' lang='lat' dir='ltr'><strong>Blacas</strong></span> 
     </span>
     <span class='ocr_line' id='line_1_12' title="bbox 285 1945 1304 2037; baseline -0.002 -19"><span class='ocrx_word' id='word_1_56' title='bbox 285 1953 606 2037; x_wconf 83' lang='lat' dir='ltr'><strong>aNeapolitanorum</strong></span> <span class='ocrx_word' id='word_1_57' title='bbox 636 1973 711 2036; x_wconf 83' lang='lat' dir='ltr'><strong>rege</strong></span> <span class='ocrx_word' id='word_1_58' title='bbox 735 1951 893 2035; x_wconf 87' lang='lat' dir='ltr'><strong>quondam</strong></span> <span class='ocrx_word' id='word_1_59' title='bbox 923 1949 1006 2016; x_wconf 89' lang='lat' dir='ltr'><strong>dono</strong></span> <span class='ocrx_word' id='word_1_60' title='bbox 1036 1950 1127 2034; x_wconf 79' lang='lat' dir='ltr'><strong>data3</strong></span> <span class='ocrx_word' id='word_1_61' title='bbox 1156 1971 1239 2016; x_wconf 90' lang='lat' dir='ltr'><strong>nunc</strong></span> <span class='ocrx_word' id='word_1_62' title='bbox 1269 1945 1304 2016; x_wconf 85' lang='lat' dir='ltr'><strong>in</strong></span> 
     </span>
     <span class='ocr_line' id='line_1_13' title="bbox 284 2067 1306 2151; baseline 0.001 -18"><span class='ocrx_word' id='word_1_63' title='bbox 284 2089 392 2134; x_wconf 91' lang='lat' dir='ltr'><strong>museo</strong></span> <span class='ocrx_word' id='word_1_64' title='bbox 416 2069 648 2146; x_wconf 88' lang='lat' dir='ltr'><strong>Britannico</strong></span> <span class='ocrx_word' id='word_1_65' title='bbox 673 2073 728 2133; x_wconf 86' lang='lat' dir='ltr'><strong>est.</strong></span> <span class='ocrx_word' id='word_1_66' title='bbox 777 2087 858 2151; x_wconf 86' lang='lat' dir='ltr'><strong>quae</strong></span> <span class='ocrx_word' id='word_1_67' title='bbox 886 2086 956 2131; x_wconf 91' lang='lat' dir='ltr'><strong>eum</strong></span> <span class='ocrx_word' id='word_1_68' title='bbox 985 2067 1124 2131; x_wconf 90' lang='lat' dir='ltr'><strong>nondum</strong></span> <span class='ocrx_word' id='word_1_69' title='bbox 1153 2067 1194 2132; x_wconf 90' lang='lat' dir='ltr'><strong>sit</strong></span> <span class='ocrx_word' id='word_1_70' title='bbox 1216 2067 1306 2134; x_wconf 89' lang='lat' dir='ltr'><strong>edita</strong></span> 
     </span>
     <span class='ocr_line' id='line_1_14' title="bbox 285 2182 1305 2268; baseline -0.002 -18"><span class='ocrx_word' id='word_1_71' title='bbox 285 2185 432 2250; x_wconf 89' lang='lat' dir='ltr'><strong>consulas</strong></span> <span class='ocrx_word' id='word_1_72' title='bbox 457 2185 510 2267; x_wconf 91' lang='lat' dir='ltr'><strong>qui</strong></span> <span class='ocrx_word' id='word_1_73' title='bbox 533 2185 687 2268; x_wconf 79' lang='lat' dir='ltr'><strong>picturam</strong></span> <span class='ocrx_word' id='word_1_74' title='bbox 710 2184 814 2249; x_wconf 92' lang='lat' dir='ltr'><strong>uerbis</strong></span> <span class='ocrx_word' id='word_1_75' title='bbox 839 2183 1025 2248; x_wconf 85' lang='lat' dir='ltr'><strong>adumbrare</strong></span> <span class='ocrx_word' id='word_1_76' title='bbox 1048 2182 1240 2266; x_wconf 87' lang='lat' dir='ltr'><strong>studuerunt,</strong></span> <span class='ocrx_word' id='word_1_77' title='bbox 1271 2183 1305 2248; x_wconf 93' lang='lat' dir='ltr'><strong>in</strong></span> 
     </span>
     <span class='ocr_line' id='line_1_15' title="bbox 284 2298 1303 2385; baseline -0.001 -20"><span class='ocrx_word' id='word_1_78' title='bbox 284 2301 394 2385; x_wconf 91' lang='lat' dir='ltr'><strong>primis</strong></span> <span class='ocrx_word' id='word_1_79' title='bbox 418 2300 663 2366; x_wconf 87' lang='lat' dir='ltr'><strong>Schornium:</strong></span> <span class='ocrx_word' id='word_1_80' title='bbox 688 2299 827 2364; x_wconf 89' lang='lat' dir='ltr'><strong>berichte</strong></span> <span class='ocrx_word' id='word_1_81' title='bbox 850 2299 907 2363; x_wconf 92' lang='lat' dir='ltr'><strong>der</strong></span> <span class='ocrx_word' id='word_1_82' title='bbox 928 2298 1135 2379; x_wconf 85' lang='lat' dir='ltr'><strong>bayerischen</strong></span> <span class='ocrx_word' id='word_1_83' title='bbox 1157 2298 1252 2363; x_wconf 87' lang='lat' dir='ltr'><strong>akad.</strong></span> <span class='ocrx_word' id='word_1_84' title='bbox 1270 2299 1303 2364; x_wconf 89' lang='lat' dir='ltr'><strong>d.</strong></span> 
     </span>
     <span class='ocr_line' id='line_1_16' title="bbox 285 2411 1305 2500; baseline 0 -20"><span class='ocrx_word' id='word_1_85' title='bbox 285 2411 645 2498; x_wconf 81' lang='lat' dir='ltr'><strong>wiss.11(1829-31)</strong></span> <span class='ocrx_word' id='word_1_86' title='bbox 668 2436 698 2500; x_wconf 93' lang='lat' dir='ltr'><strong>p.</strong></span> <span class='ocrx_word' id='word_1_87' title='bbox 714 2417 756 2480; x_wconf 87' lang='lat'><strong>63</strong></span> <span class='ocrx_word' id='word_1_88' title='bbox 780 2436 809 2480; x_wconf 89' lang='lat' dir='ltr'><strong>n.</strong></span> <span class='ocrx_word' id='word_1_89' title='bbox 825 2416 854 2498; x_wconf 84' lang='lat'><strong>6,</strong></span> <span class='ocrx_word' id='word_1_90' title='bbox 879 2415 1114 2497; x_wconf 87' lang='lat' dir='ltr'><strong>Helbigium:</strong></span> <span class='ocrx_word' id='word_1_91' title='bbox 1139 2414 1212 2478; x_wconf 86' lang='lat' dir='ltr'><strong>buli.</strong></span> <span class='ocrx_word' id='word_1_92' title='bbox 1231 2413 1305 2480; x_wconf 91' lang='lat' dir='ltr'><strong>dell’</strong></span> 
     </span>
     <span class='ocr_line' id='line_1_17' title="bbox 285 2530 1306 2617; baseline -0.001 -20"><span class='ocrx_word' id='word_1_93' title='bbox 285 2533 356 2598; x_wconf 91' lang='lat' dir='ltr'><strong>inst.</strong></span> <span class='ocrx_word' id='word_1_94' title='bbox 378 2534 462 2598; x_wconf 86' lang='lat'>1865</span> <span class='ocrx_word' id='word_1_95' title='bbox 485 2553 516 2617; x_wconf 94' lang='lat' dir='ltr'><strong>p.</strong></span> <span class='ocrx_word' id='word_1_96' title='bbox 538 2533 609 2615; x_wconf 81' lang='lat'><strong>127,</strong></span> <span class='ocrx_word' id='word_1_97' title='bbox 634 2530 821 2615; x_wconf 86' lang='lat' dir='ltr'><strong>Wandgem.</strong></span> <span class='ocrx_word' id='word_1_98' title='bbox 839 2552 868 2595; x_wconf 92' lang='lat' dir='ltr'><strong>n.</strong></span> <span class='ocrx_word' id='word_1_99' title='bbox 891 2531 984 2595; x_wconf 88' lang='lat'>1330.</span> <span class='ocrx_word' id='word_1_100' title='bbox 1021 2532 1113 2615; x_wconf 85' lang='lat' dir='ltr'><strong>plura</strong></span> <span class='ocrx_word' id='word_1_101' title='bbox 1134 2531 1306 2597; x_wconf 89' lang='lat' dir='ltr'><strong>attulerunt</strong></span> 
     </span>
     <span class='ocr_line' id='line_1_18' title="bbox 286 2646 1307 2733; baseline -0.002 -19"><span class='ocrx_word' id='word_1_102' title='bbox 286 2647 535 2733; x_wconf 86' lang='lat' dir='ltr'><strong>Stephanius:</strong></span> <span class='ocrx_word' id='word_1_103' title='bbox 567 2646 814 2732; x_wconf 86' lang='lat' dir='ltr'><strong>compte-rendu</strong></span> <span class='ocrx_word' id='word_1_104' title='bbox 842 2667 873 2731; x_wconf 92' lang='lat' dir='ltr'><strong>p.</strong></span> <span class='ocrx_word' id='word_1_105' title='bbox 895 2648 979 2712; x_wconf 87' lang='lat'>1866</span> <span class='ocrx_word' id='word_1_106' title='bbox 1009 2667 1039 2730; x_wconf 93' lang='lat' dir='ltr'><strong>p.</strong></span> <span class='ocrx_word' id='word_1_107' title='bbox 1057 2647 1102 2710; x_wconf 89' lang='grc'><strong>40</strong></span> <span class='ocrx_word' id='word_1_108' title='bbox 1130 2667 1160 2710; x_wconf 91' lang='lat' dir='ltr'><strong>n.</strong></span> <span class='ocrx_word' id='word_1_109' title='bbox 1178 2647 1236 2729; x_wconf 84' lang='lat'><strong>44,</strong></span> <span class='ocrx_word' id='word_1_110' title='bbox 1273 2654 1307 2712; x_wconf 89' lang='lat' dir='ltr'><strong>et</strong></span> 
     </span>
     <span class='ocr_line' id='line_1_19' title="bbox 286 2761 1305 2846; baseline -0.001 -17"><span class='ocrx_word' id='word_1_111' title='bbox 286 2763 541 2829; x_wconf 82' lang='lat' dir='ltr'><strong>Schraderus:</strong></span> <span class='ocrx_word' id='word_1_112' title='bbox 568 2763 699 2828; x_wconf 89' lang='lat' dir='ltr'><strong>Sirenen</strong></span> <span class='ocrx_word' id='word_1_113' title='bbox 723 2784 754 2846; x_wconf 92' lang='lat' dir='ltr'><strong>p.</strong></span> <span class='ocrx_word' id='word_1_114' title='bbox 775 2765 825 2828; x_wconf 78' lang='lat'><strong>70.</strong></span> <span class='ocrx_word' id='word_1_115' title='bbox 851 2763 1043 2828; x_wconf 85' lang='lat' dir='ltr'><strong>—Ulixem</strong></span> <span class='ocrx_word' id='word_1_116' title='bbox 1068 2761 1157 2828; x_wconf 87' lang='lat' dir='ltr'><strong>uides</strong></span> <span class='ocrx_word' id='word_1_117' title='bbox 1181 2761 1222 2826; x_wconf 88' lang='lat' dir='ltr'><strong>ad</strong></span> <span class='ocrx_word' id='word_1_118' title='bbox 1238 2784 1305 2828; x_wconf 89' lang='lat' dir='ltr'><strong>ma-</strong></span> 
     </span>
     <span class='ocr_line' id='line_1_20' title="bbox 285 2878 1303 2964; baseline -0.003 -19"><span class='ocrx_word' id='word_1_119' title='bbox 285 2883 349 2945; x_wconf 89' lang='lat' dir='ltr'><strong>ium</strong></span> <span class='ocrx_word' id='word_1_120' title='bbox 378 2880 552 2964; x_wconf 86' lang='lat' dir='ltr'><strong>adligatum</strong></span> <span class='ocrx_word' id='word_1_121' title='bbox 581 2880 788 2962; x_wconf 86' lang='lat' dir='ltr'><strong>Sirenumque</strong></span> <span class='ocrx_word' id='word_1_122' title='bbox 822 2879 970 2962; x_wconf 92' lang='lat' dir='ltr'><strong>scopulos</strong></span> <span class='ocrx_word' id='word_1_123' title='bbox 1002 2878 1303 2962; x_wconf 87' lang='lat' dir='ltr'><strong>praeteruehentem‚</strong></span> 
     </span>
     <span class='ocr_line' id='line_1_21' title="bbox 286 2995 1111 3081; baseline -0.005 -19"><span class='ocrx_word' id='word_1_124' title='bbox 286 2998 319 3062; x_wconf 93' lang='lat' dir='ltr'><strong>in</strong></span> <span class='ocrx_word' id='word_1_125' title='bbox 343 2997 454 3081; x_wconf 90' lang='lat' dir='ltr'><strong>quibus</strong></span> <span class='ocrx_word' id='word_1_126' title='bbox 478 2997 587 3062; x_wconf 91' lang='lat' dir='ltr'><strong>sceleti</strong></span> <span class='ocrx_word' id='word_1_127' title='bbox 611 2996 683 3079; x_wconf 84' lang='lat' dir='ltr'><strong>duo,</strong></span> <span class='ocrx_word' id='word_1_128' title='bbox 709 2995 876 3077; x_wconf 85' lang='lat' dir='ltr'><strong>caluariae,</strong></span> <span class='ocrx_word' id='word_1_129' title='bbox 902 3014 977 3059; x_wconf 89' lang='lat' dir='ltr'><strong>ossa</strong></span> <span class='ocrx_word' id='word_1_130' title='bbox 999 2995 1111 3060; x_wconf 88' lang='lat' dir='ltr'><strong>iacent.</strong></span> 
     </span>
    </p>
   </div>
   <div class='ocr_carea' id='block_1_7' title="bbox 649 3220 940 3290">
    <p class='ocr_par' dir='ltr' id='par_1_7' title="bbox 649 3220 940 3290">
     <span class='ocr_line' id='line_1_22' title="bbox 649 3220 940 3290; baseline 0 -14"><span class='ocrx_word' id='word_1_131' title='bbox 649 3223 673 3290; x_wconf 74' lang='lat' dir='ltr'><strong>a)</strong></span> <span class='ocrx_word' id='word_1_132' title='bbox 692 3220 940 3276; x_wconf 77' lang='lat' dir='ltr'><strong>muornvnvs.</strong></span> 
     </span>
    </p>
   </div>
   <div class='ocr_carea' id='block_1_8' title="bbox 287 3357 1308 4020">
    <p class='ocr_par' dir='ltr' id='par_1_8' title="bbox 287 3357 1308 4020">
     <span class='ocr_line' id='line_1_23' title="bbox 356 3357 1303 3447; baseline -0.006 -19"><span class='ocrx_word' id='word_1_133' title='bbox 356 3365 385 3428; x_wconf 84' lang='lat'><strong>3.</strong></span> <span class='ocrx_word' id='word_1_134' title='bbox 422 3362 525 3447; x_wconf 89' lang='lat' dir='ltr'><strong>Opus</strong></span> <span class='ocrx_word' id='word_1_135' title='bbox 553 3361 784 3425; x_wconf 84' lang='lat' dir='ltr'><strong>tesselatum</strong></span> <span class='ocrx_word' id='word_1_136' title='bbox 814 3379 897 3423; x_wconf 85' lang='lat' dir='ltr'><strong>anno</strong></span> <span class='ocrx_word' id='word_1_137' title='bbox 927 3357 1050 3423; x_wconf 89' lang='lat' dir='ltr'><strong>circiter</strong></span> <span class='ocrx_word' id='word_1_138' title='bbox 1082 3357 1167 3421; x_wconf 89' lang='lat'>1640</span> <span class='ocrx_word' id='word_1_139' title='bbox 1193 3357 1303 3440; x_wconf 88' lang='lat' dir='ltr'><strong>Teate,</strong></span> 
     </span>
     <span class='ocr_line' id='line_1_24' title="bbox 287 3470 1306 3558; baseline -0.005 -16"><span class='ocrx_word' id='word_1_140' title='bbox 287 3478 534 3544; x_wconf 86' lang='lat' dir='ltr'><strong>Marrucinorum</strong></span> <span class='ocrx_word' id='word_1_141' title='bbox 564 3477 595 3540; x_wconf 94' lang='lat' dir='ltr'><strong>in</strong></span> <span class='ocrx_word' id='word_1_142' title='bbox 625 3476 700 3540; x_wconf 89' lang='lat' dir='ltr'><strong>urbe</strong></span> <span class='ocrx_word' id='word_1_143' title='bbox 729 3470 874 3558; x_wconf 82' lang='lat' dir='ltr'><strong>(Ohieti),</strong></span> <span class='ocrx_word' id='word_1_144' title='bbox 906 3475 1068 3555; x_wconf 78' lang='lat' dir='ltr'><strong>effossum3</strong></span> <span class='ocrx_word' id='word_1_145' title='bbox 1100 3478 1243 3537; x_wconf 87' lang='lat' dir='ltr'><strong>seruatur</strong></span> <span class='ocrx_word' id='word_1_146' title='bbox 1270 3471 1306 3538; x_wconf 95' lang='lat' dir='ltr'><strong>in</strong></span> 
     </span>
     <span class='ocr_line' id='line_1_25' title="bbox 287 3587 1306 3676; baseline -0.007 -17"><span class='ocrx_word' id='word_1_147' title='bbox 287 3615 396 3659; x_wconf 91' lang='lat' dir='ltr'><strong>museo</strong></span> <span class='ocrx_word' id='word_1_148' title='bbox 412 3593 682 3676; x_wconf 87' lang='lat' dir='ltr'><strong>Neapolitano.</strong></span> <span class='ocrx_word' id='word_1_149' title='bbox 717 3590 924 3675; x_wconf 80' lang='lat' dir='ltr'><strong>apographon</strong></span> <span class='ocrx_word' id='word_1_150' title='bbox 941 3609 1014 3655; x_wconf 85' lang='lat' dir='ltr'><strong>aere</strong></span> <span class='ocrx_word' id='word_1_151' title='bbox 1030 3607 1214 3672; x_wconf 82' lang='lat' dir='ltr'><strong>expressum</strong></span> <span class='ocrx_word' id='word_1_152' title='bbox 1238 3587 1306 3652; x_wconf 89' lang='lat' dir='ltr'><strong>edi-</strong></span> 
     </span>
     <span class='ocr_line' id='line_1_26' title="bbox 289 3703 1305 3791; baseline -0.004 -18"><span class='ocrx_word' id='word_1_153' title='bbox 289 3709 334 3773; x_wconf 89' lang='lat' dir='ltr'><strong>dit</strong></span> <span class='ocrx_word' id='word_1_154' title='bbox 354 3710 599 3791; x_wconf 81' lang='lat' dir='ltr'><strong>Allegranza:</strong></span> <span class='ocrx_word' id='word_1_155' title='bbox 626 3705 768 3790; x_wconf 90' lang='lat' dir='ltr'><strong>opuscoli</strong></span> <span class='ocrx_word' id='word_1_156' title='bbox 790 3705 902 3770; x_wconf 90' lang='lat' dir='ltr'><strong>eruditi</strong></span> <span class='ocrx_word' id='word_1_157' title='bbox 925 3711 986 3770; x_wconf 88' lang='lat' dir='ltr'><strong>tav.</strong></span> <span class='ocrx_word' id='word_1_158' title='bbox 1004 3707 1034 3788; x_wconf 94' lang='grc'><strong>4,</strong></span> <span class='ocrx_word' id='word_1_159' title='bbox 1052 3705 1088 3787; x_wconf 79' lang='lat'><strong>53</strong></span> <span class='ocrx_word' id='word_1_160' title='bbox 1114 3703 1152 3769; x_wconf 87' lang='lat' dir='ltr'><strong>cf.</strong></span> <span class='ocrx_word' id='word_1_161' title='bbox 1177 3723 1210 3787; x_wconf 90' lang='lat' dir='ltr'><strong>p.</strong></span> <span class='ocrx_word' id='word_1_162' title='bbox 1227 3704 1305 3789; x_wconf 81' lang='lat'><strong>232,</strong></span> 
     </span>
     <span class='ocr_line' id='line_1_27' title="bbox 288 3818 1306 3907; baseline -0.002 -19"><span class='ocrx_word' id='word_1_163' title='bbox 288 3824 341 3889; x_wconf 93' lang='lat' dir='ltr'><strong>ubi</strong></span> <span class='ocrx_word' id='word_1_164' title='bbox 376 3825 429 3907; x_wconf 93' lang='lat' dir='ltr'><strong>qui</strong></span> <span class='ocrx_word' id='word_1_165' title='bbox 464 3829 558 3889; x_wconf 87' lang='lat' dir='ltr'><strong>antea</strong></span> <span class='ocrx_word' id='word_1_166' title='bbox 592 3822 632 3887; x_wconf 90' lang='lat' dir='ltr'><strong>de</strong></span> <span class='ocrx_word' id='word_1_167' title='bbox 665 3822 726 3886; x_wconf 90' lang='lat' dir='ltr'><strong>hoc</strong></span> <span class='ocrx_word' id='word_1_168' title='bbox 761 3820 938 3885; x_wconf 90' lang='lat' dir='ltr'><strong>lithostroto</strong></span> <span class='ocrx_word' id='word_1_169' title='bbox 971 3818 1117 3884; x_wconf 86' lang='lat' dir='ltr'><strong>dixerunt</strong></span> <span class='ocrx_word' id='word_1_170' title='bbox 1151 3819 1306 3886; x_wconf 90' lang='lat' dir='ltr'><strong>inuenies.</strong></span> 
     </span>
     <span class='ocr_line' id='line_1_28' title="bbox 290 3933 1308 4020; baseline -0.005 -15"><span class='ocrx_word' id='word_1_171' title='bbox 290 3939 466 4005; x_wconf 82' lang='lat' dir='ltr'><strong>Gerhard</strong></span> <span class='ocrx_word' id='word_1_172' title='bbox 493 3959 523 4004; x_wconf 95' lang='lat' dir='ltr'><strong>u.</strong></span> <span class='ocrx_word' id='word_1_173' title='bbox 554 3937 746 4002; x_wconf 85' lang='lat' dir='ltr'><strong>Panofka:</strong></span> <span class='ocrx_word' id='word_1_174' title='bbox 781 3936 920 4020; x_wconf 85' lang='lat' dir='ltr'><strong>Neapels</strong></span> <span class='ocrx_word' id='word_1_175' title='bbox 957 3941 1019 3999; x_wconf 88' lang='lat' dir='ltr'><strong>ant.</strong></span> <span class='ocrx_word' id='word_1_176' title='bbox 1042 3933 1147 3999; x_wconf 85' lang='lat' dir='ltr'><strong>bildw.</strong></span> <span class='ocrx_word' id='word_1_177' title='bbox 1184 3954 1214 4016; x_wconf 93' lang='lat' dir='ltr'><strong>p.</strong></span> <span class='ocrx_word' id='word_1_178' title='bbox 1238 3934 1308 4000; x_wconf 84' lang='lat'><strong>435</strong></span> 
     </span>
    </p>
   </div>
   <div class='ocr_carea' id='block_1_9' title="bbox 0 0 1457 4590">
    <p class='ocr_par' dir='ltr' id='par_1_9' title="bbox 0 0 1457 4590">
     <span class='ocr_line' id='line_1_29' title="bbox 0 0 1457 4590; baseline 0 0"><span class='ocrx_word' id='word_1_179' title='bbox 0 0 1457 4590; x_wconf 95' lang='lat' dir='ltr'><strong> </strong></span> 
     </span>
    </p>
   </div>
  </div>
 </body>
</html>
