2888 4590
769 354 812 419 28

290 532 292 543 ¹
350 526 425 596 81⁹⁵.
462 533 639 597 Lucerna
662 551 680 596 e
703 529 801 596 cruda
824 531 938 613 argilla
959 531 1041 615 ficta,
1071 533 1144 598 olim
1167 535 1199 599 in
1223 555 1295 600 aea-

282 645 482 732 demia-imp.
508 648 619 713 artium
643 647 941 730 Petropolitana
970 654 1107 732 seruata,
1139 670 1222 716 nunc
1248 656 1295 716 est

281 761 397 828 ibidem
428 763 461 828 in
490 784 598 829 museo
628 763 787 829 societatis
817 762 1105 848 archaeologorum.
1130 801 1174 810 —
1197 766 1295 851 Oper-
1353 781 1357 788 '

280 880 383 943 culum
417 880 564 945 lucernae
597 885 711 964 ectypo
746 882 904 961 ornatum,
945 879 978 943 in
1012 899 1073 962 quo
1109 879 1188 946 haec
1223 889 1296 946 sunt

281 994 400 1060 efficta:
426 1015 446 1060 a
460 995 554 1060 laeua
568 996 658 1059 larua
672 993 764 1060 flexis
780 994 913 1077 genibus
930 994 1100 1079 amphorae
1116 995 1148 1060 in
1165 1016 1293 1062 scamno

279 1100 402 1195 positae
417 1111 504 1176 ebria
516 1110 673 1193 incumbit,
687 1109 832 1174 manibus
847 1115 1004 1175 ueretrum
1015 1116 1135 1176 tenens.
1165 1113 1294 1197 ampho-

279 1247 346 1291 ram
370 1226 554 1292 exhaustam
571 1246 642 1291 esse
666 1246 706 1290 ex
721 1246 759 1291 eo
784 1225 916 1309 colligas
940 1225 1024 1308 quod
1047 1226 1198 1310 inclinata
1212 1228 1294 1293 iacet

279 1343 311 1406 in
335 1362 465 1407 scamno
494 1343 562 1408 siue
590 1344 686 1424 lecto,
717 1341 805 1407 cuius
835 1341 877 1406 ad
900 1340 999 1425 pedes
1026 1362 1174 1408 coronam
1204 1343 1293 1409 uides

279 1457 445 1543 decapite
471 1459 580 1524 laruae
609 1441 783 1541 delapsam.
820 1456 862 1521 ad
890 1457 1012 1521 laruam
1040 1457 1072 1522 in
1095 1458 1199 1524 medio
1227 1458 1293 1525 lere

279 1573 460 1658 anaglypho
483 1572 602 1639 femina
624 1573 816 1657 conspicitur
838 1577 955 1656 astans,
982 1593 1062 1656 quae
1077 1575 1174 1657 longa
1188 1575 1293 1641 tunica

279 1689 488 1773 superiniecto
511 1690 608 1774 pallio
631 1688 745 1754 uestita
767 1694 823 1753 est.
860 1687 971 1753 dextra
994 1689 1079 1754 elata
1101 1695 1131 1754 et
1154 1692 1293 1774 paullum

279 1811 425 1889 protenta
446 1805 480 1870 in
502 1806 623 1870 laruam
646 1804 777 1870 effundit
791 1804 1040 1888 unguentarium,
1063 1805 1294 1889 uniusquidem

279 1921 399 1986 incerta
432 1927 552 1986 tantum
585 1921 720 2003 uestigia
755 1925 930 2003 supersunt.
988 1922 1082 1985 laeua
1122 1929 1220 2006 serta,
1260 1924 1293 1988 ni

279 2035 385 2120 fallor,
416 2043 509 2102 tenet.
546 2034 588 2101 ad
612 2036 755 2102 dextram
778 2035 869 2102 tertia
891 2034 957 2100 fere
980 2037 1119 2120 operculi
1142 2058 1217 2122 pars
1240 2038 1294 2105 de·

280 2158 343 2235 est3
373 2153 447 2217 item
475 2152 623 2218 lucernae
645 2173 749 2237 myxa.
792 2150 943 2217 infundo
972 2151 1098 2218 inrasae
1125 2154 1186 2220 hae
1214 2155 1294 2220 litte·

279 2287 383 2332 rarum
406 2275 515 2334 notae:
542 2263 689 2334 .ΥΧΗ.
714 2267 923 2353 supplendum
946 2266 1070 2333 videtur
1091 2261 1133 2336 Ψ.

216 2405 218 2412 ’
347 2379 423 2449 82*.
459 2375 732 2469 Anaglyphum
755 2403 963 2484 marmoreum
986 2385 1165 2451 Lutetiae
1186 2387 1294 2451 Pari-

279 2499 421 2565 siorum
436 2501 468 2566 in
481 2521 589 2566 museo
602 2500 727 2586 publico
740 2506 899 2566 seruatum
910 2494 1084 2583 (Claram
1101 2501 1294 2586 description

279 2615 321 2680 du
336 2636 414 2681 mus.
433 2616 474 2681 dn
490 2618 614 2683 Louvre
630 2639 660 2682 n.
675 2617 733 2700 253
758 2618 855 2681 altum
877 2615 954 2699 0,65
970 2637 1022 2699 m,
1039 2617 1091 2682 lat.
1109 2619 1209 2701 0‚352
1225 2613 1291 2702 m).

279 2751 352 2797 aere
368 2739 590 2816 expresserunt
601 2732 757 2798 Lenoir:
782 2731 976 2816 description
993 2732 1035 2797 du
1051 2733 1158 2799 musto
1175 2735 1293 2819 royalI

279 2847 340 2911 tab.
358 2847 401 2912 35
417 2842 541 2931 (1820),
567 2847 705 2913 Clarae
727 2848 834 2914 museo
854 2847 893 2913 de
914 2850 1072 2932 sculpture
1092 2850 1124 2914 II
1147 2849 1208 2914 tab.
1229 2851 1294 2914 180

279 2984 309 3026 n.
333 2963 413 3046 335,
453 2964 652 3029 Bouillon:
688 2963 796 3029 museo
831 2963 887 3029 des
922 2965 1066 3048 antiques
1095 2966 1156 3048 IIl)
1178 2965 1291 3030 basrel.

278 3077 341 3144 tab.
365 3079 416 3143 24.
464 3080 540 3144 milri
578 3080 610 3144 in
641 3080 822 3165 anaglypho
858 3079 1021 3146 tractando
1041 3080 1293 3164 photographiae

280 3214 373 3277 qnam
414 3194 522 3260 dicunt
563 3195 686 3279 copiam
708 3183 798 3261 ¹fecit
836 3195 968 3262 Carolus
1000 3197 1165 3262 Bernstein
1200 3195 1292 3261 IOtus
1368 3257 1369 3260 ,

280 3309 498 3376 amicissimus.
528 3347 572 3357 -
600 3312 787 3396 Exsculpta'
802 3318 851 3377 est
878 3312 910 3376 in
933 3331 1088 3376 marmore
1116 3311 1233 3376 femina
1260 3311 1293 3376 in

280 3428 359 3491 sella
388 3426 503 3492 sedens
534 3427 741 3510 manibusque
775 3434 860 3493 serta
889 3434 1013 3510 tenens3
1048 3427 1105 3491 sub
1135 3428 1214 3492 sella
1242 3447 1292 3491 oa-

279 3542 329 3607 nis
353 3548 409 3607 est.
451 3564 471 3607 a
498 3550 587 3627 tergo
616 3543 754 3608 mulieris
783 3543 873 3607 larua
901 3549 1000 3625 astat,
1030 3562 1112 3636 quae
1137 3542 1223 3606 illam
1246 3542 1293 3607 in·
1327 3583 1329 3586 -

279 3660 357 3724 tueri
393 3659 522 3725 uidetur.
578 3658 694 3724 ibidem
729 3659 761 3723 in
796 3659 956 3743 superiore
996 3657 1170 3743 anaglyphi
1203 3664 1294 3741 parte

278 3775 414 3841 feminae
440 3774 566 3860 placide
593 3773 798 3858 ingredientis
832 3775 1032 3839 simulacrum
1062 3773 1165 3856 uides,
1202 3773 1293 3840 cuius

278 3890 408 3957 inferior
434 3911 509 3976 pars
538 3890 608 3956 sola
636 3896 788 3974 superest.
836 3890 869 3954 in
898 3891 1060 3976 superiore
1076 3890 1170 3956 ‘enim
1199 3896 1231 3955 et
1260 3890 1294 3956 in
