2888 4590
707 293 889 385 ss'

217 499 399 566 Andreas
433 499 561 565 lorius
597 494 758 582 (scheletri
788 498 937 582 Cumani,
973 495 1108 581 Neapoli
1140 497 1233 580 1810,

217 616 279 682 tab.
307 611 355 700 1);
391 614 507 682 deinde
541 614 760 698 Sicklerus‚
797 614 850 697 qui
885 619 1031 698 ectypunr
1062 612 1236 677 Cumanum

220 731 319 797 edidit
343 732 375 796 in
402 730 602 815 „prolusione
626 731 818 797 orationibus
842 730 1077 812 inauguralibus
1101 729 1134 793 iu
1149 749 1236 813 gym-

219 848 311 913 nasio
339 847 573 932 Hilperhusano
601 841 775 912 habendis“
805 866 899 929 quarn
929 845 1055 929 scripsit
1085 844 1145 930 „de
1171 864 1236 910 rno-

219 963 378 1029 numentis
408 963 528 1046 aliquot
560 963 684 1047 graecis
712 984 730 1028 e
759 964 904 1047 sepulcro
932 962 1069 1027 Gumaeo
1097 967 1237 1026 recenter

220 1079 337 1145 effosso
365 1072 480 1144 erutis“
507 1073 680 1162 (Vimariae
706 1080 800 1161 1812,
821 1078 883 1143 tab.
902 1072 950 1160 2);
974 1077 1067 1143 uertit
1088 1078 1121 1141 in
1144 1076 1237 1161 ephe-

222 1194 342 1260 meride
366 1214 447 1278 quae
470 1195 662 1259 inscribitur:
688 1194 889 1259 curiositaten
905 1193 962 1258 der
977 1205 1046 1259 vor·
1061 1213 1090 1258 u.
1107 1193 1238 1258 mitwelt

220 1312 281 1376 uol.
300 1312 332 1375 ΙΙ
363 1331 393 1395 p.
411 1311 558 1375 35-66
589 1305 767 1391 (Vimariae
794 1304 1074 1392 1816116666
1103 1308 1237 1392 denique

222 1426 406 1512 anaglypha
429 1425 528 1491 edidit
543 1425 686 1508 Olfers‚
712 1427 764 1510 qui
786 1426 818 1489 in
841 1425 1071 1509 dissertatione,
1089 1405 1182 1508 quain
1197 1424 1237 1491 de

221 1542 282 1607 hoc
310 1544 454 1627 sepulcro
477 1542 667 1626 conscripsit
691 1537 781 1625 (uber
808 1542 858 1606 ein
886 1540 1137 1624 merkwurdiges
1160 1541 1237 1624 grab

223 1658 273 1724 bei
307 1659 430 1724 Kumae
467 1657 531 1723 und
571 1657 623 1724 die
662 1657 694 1722 in
729 1657 911 1723 demselben
945 1657 1126 1724 erhaltenen
1160 1656 1237 1722 bild-

222 1772 339 1839 werke.
376 1773 621 1856 abhandlungen
652 1772 708 1838 der
735 1773 767 1838 k.
791 1772 885 1838 alud.
911 1773 941 1838 d.
959 1773 1044 1839 wiss.
1069 1793 1107 1838 zu
1130 1773 1236 1839 Berlin

228 1883 327 1974 1830)
357 1908 420 1954 non
448 1890 549 1955 solum
577 1889 812 1955 accuratissime
835 1889 1026 1955 delineanda
1048 1890 1168 1955 curauit
1190 1909 1238 1955 se-

223 2006 326 2090 pulcri
349 2011 464 2090 ectypa
487 2040 531 2049 —
554 2011 694 2070 nostrum
717 2006 808 2070 tertio
832 2007 902 2071 lo'co
926 2007 1075 2091 apposuit
1097 1971 1238 2088 —,⁸sed

223 2122 317 2187 etiam
341 2122 418 2186 artis
441 2121 589 2205 operibns
613 2119 750 2203 undiquc
771 2123 932 2205 congestis
947 2122 1101 2187 uberrime
1116 2121 1156 2188 de
1172 2141 1238 2186 sce·

222 2239 354 2304 letorum
377 2239 597 2320 laruarumque
621 2236 810 2320 imaginibus
833 2236 1014 2321 disputauit.
1039 2273 1082 2282 —
1106 2237 1239 2302 Effictae

223 2360 295 2420 sunt
310 2355 419 2419 laruae
434 2359 508 2431 tres,
526 2373 565 2418 ex
581 2352 693 2435 quibus
708 2352 815 2418 media
829 2355 932 2436 saltat,
950 2374 1032 2437 quae
1048 2360 1096 2419 est
1111 2375 1131 2418 a
1145 2353 1240 2418 laeua

224 2471 351 2537 saltanti
375 2469 505 2554 plaudit,
531 2470 622 2535 tertia
645 2489 755 2534 manus
779 2468 912 2534 eandem
936 2469 1096 2535 admirans
1119 2471 1207 2535 tollit.

296 2588 358 2652 109
369 2580 395 2650 ⁹⁵.
430 2585 652 2670 Sardonyx,
671 2605 763 2669 quem
779 2606 819 2651 ex
835 2586 982 2651 thesauro
997 2586 1169 2653 Mediceo
1186 2587 1238 2653 de-

225 2708 404 2790 promptum
434 2700 533 2766 edidit
562 2701 706 2766 Gorius
735 2702 768 2766 in
796 2722 875 2768 mus.
899 2703 982 2767 Flor.
1007 2723 1119 2786 gemm.
1145 2705 1239 2768 noll

225 2817 344 2884 161691
370 2839 400 2882 n.
415 2819 444 2882 3.
482 2837 553 2882 eum
577 2818 676 2882 secuti
700 2824 772 2883 sunt
787 2819 945 2902 Mongez
969 2826 1001 2884 et
1016 2819 1159 2885 Wicar:
1183 2841 1239 2904 ga-

227 2935 305 3000 lerie
328 2933 368 2998 de
392 2934 758 3000 1166666611116628.
783 2935 815 2998 in
839 2933 1073 3019 dactyliothece
1095 2935 1239 3020 „Officio-

226 3043 313 3115 rum“
352 3069 436 3114 nuno
470 3069 627 3132 gemmam
662 3048 778 3114 frustra
812 3050 968 3133 quaesiuit
996 3050 1165 3135 Liphartus
1195 3049 1238 3133 (u.

227 3185 307 3249 quae
337 3163 379 3229 ad
402 3164 523 3229 numeri
546 3170 652 3230 notam
681 3167 722 3230 69
751 3165 980 3250 ascripsimus).
1016 3167 1240 3252 aposphragis-

226 3287 312 3347 mata
336 3280 478 3346 inuenies
503 3280 588 3363 apud
610 3282 792 3366 Lippert:
817 3284 949 3366 suppll
972 3304 1002 3347 n.
1021 3281 1083 3347 241
1108 3279 1152 3368 (p.
1170 3279 1237 3367 55),

227 3403 258 3462 et
280 3398 410 3481 Ruspe
434 3398 449 3461 Ι
470 3417 500 3479 p.
520 3397 583 3461 291
608 3418 638 3461 n.
656 3397 754 3462 4696.
785 3397 968 3464 cf.Olfers
992 3400 1075 3482 p.33
1099 3401 1177 3482 u.4;
1194 3434 1239 3443 —

227 3514 332 3579 Senex
355 3513 474 3594 saluus,
500 3512 587 3577 cuius
611 3519 709 3576 totum
734 3533 848 3598 corpus
864 3515 948 3597 pelle
964 3513 1101 3597 quadam
1116 3514 1240 3581 uidetur

228 3773 278 3828 des
301 3771 553 3828 secundianas
578 3788 717 3829 museums
740 3775 843 3842 6473)
868 3776 921 3831 alio
944 3776 1005 3832 loco
1029 3777 1143 3843 (6.101)
1168 3777 1239 3832 inse·

228 3870 342 3926 rendum
361 3884 424 3925 esse
441 3871 608 3940 putauinrus.
