2888 4590
504 1170 699 1271 GAPVT
731 1171 1039 1281 murrum.

260 1353 436 1432 QVANDO
452 1355 508 1418 ΕΤ
523 1354 689 1419 LARVAS
706 1355 762 1419 ET
776 1354 881 1421 OSSA
895 1356 1074 1422 HVMANA
1088 1356 1275 1421 PINGERE

282 1487 524 1553 COEPERINT
546 1487 771 1554 ARTIFICES
793 1489 972 1568 ANTIQVI
996 1489 1250 1568 Qvnuuluvu.
1281 1519 1283 1524 ’

321 1969 435 2078 Erunt
467 2010 601 2077 fortasse
641 2011 694 2095 qui
730 2011 763 2075 iu
798 2011 901 2078 indiae
938 2019 1046 2094 nostro
1084 2012 1160 2079 artis
1195 2033 1275 2098 opus

259 2126 419 2211 quoddam
451 2124 632 2192 desiderent
661 2127 745 2210 quud
777 2147 876 2213 nuper
906 2129 1023 2213 publici
1053 2129 1129 2195 iuris
1156 2128 1275 2193 faenum

259 2249 309 2309 est
338 2242 590 2326 contendantque
618 2263 656 2308 e0
683 2245 917 2310 memorabilius
945 2264 1016 2310 esse
1044 2244 1129 2328 quod
1157 2265 1197 2309 ex
1219 2245 1274 2310 illo

259 2364 413 2444 appareat
455 2359 595 2424 Graecos
637 2360 687 2424 u'el
726 2361 817 2425 tertio
860 2366 932 2426 ante
973 2360 1130 2426 Christum
1168 2367 1275 2425 natum

259 2473 386 2542 saeculo
407 2475 623 2541 defunctarum
647 2471 822 2541 animarum
843 2477 995 2542 larualem
1018 2476 1158 2542 habitum
1180 2476 1273 2542 nudis

259 2593 382 2658 ossibus
413 2591 647 2657 cohaerentium
673 2597 704 2656 et
727 2592 840 2658 animis
864 2593 1049 2678 eoueepisse
1077 2600 1107 2658 et
1136 2593 1168 2657 in
1198 2593 1274 2659 artis

261 2709 408 2794 operibus
431 2708 572 2772 finxisse.

327 2825 489 2890 Craterum
517 2822 589 2888 dieo
617 2823 746 2888 fictilem
769 2822 857 2888 euius
881 2823 1051 2907 imaginem
1075 2844 1148 2889 aere
1171 2825 1273 2907 expri-

257 2939 405 3006 mendam
421 2940 542 3005 eurauit
553 2938 801 3024 Stephanius:
820 2941 1054 3025 compte-reuda
1069 2941 1107 3004 de
1120 2939 1152 3003 la
1164 2961 1271 3004 comm.

257 3059 334 3144 imp.
359 3055 492 3120 arundel.
513 3077 602 3141 pour
625 3055 746 3119 l'annde
769 3054 857 3120 1863
880 3056 942 3120 tab.
960 3056 989 3139 6,
1011 3057 1066 3138 123
1090 3055 1274 3140 interpreta-

257 3180 307 3238 tus
332 3178 380 3238 est
402 3171 519 3236 ibidem
541 3192 571 3255 p.
590 3172 654 3236 243
679 3190 765 3252 seqq.
794 3177 838 3234 et:
864 3172 1140 3257 vaaeaaammlunp
1164 3173 1220 3235 der
1243 3171 1271 3235 lc.

258 3288 423 3373 Ermitape
446 3308 475 3351 n.
494 3287 568 3352 895.

325 3405 362 3468 In
385 3403 486 3468 fronte
509 3402 631 3467 uaseuli
647 3403 779 3488 Satyrus
804 3423 860 3468 sue
884 3408 992 3468 uectus
1015 3400 1118 3485 pietus
1140 3407 1196 3485 est,
1221 3402 1273 3466 uel

257 3520 362 3605 potius
385 3520 454 3584 Pan
477 3519 614 3583 iuuenis:
645 3539 760 3602 caprae
789 3519 872 3584 enim
900 3537 1017 3584 cornua
1040 3538 1058 3582 e
1080 3517 1182 3582 fronte
1204 3517 1272 3583 eius

258 3641 428 3720 emergunt,
453 3654 534 3717 quae
558 3655 628 3700 eum
652 3635 723 3700 albe
746 3635 851 3701 solere
867 3634 1016 3699 distincta
1030 3633 1172 3716 fuissent,
1189 3653 1273 3698 nune

259 3758 363 3817 autem
392 3771 495 3836 paene
523 3751 740 3833 euanuissent‚
766 3750 871 3816 omisit
900 3749 1012 3815 artifex
1036 3768 1097 3832 quo
1125 3768 1201 3814 usus
1225 3755 1274 3814 est

258 3866 458 3952 Stephanius.
495 3867 588 3931 laeua
611 3866 751 3950 patinam
775 3866 916 3949 sustinet,
942 3865 1097 3948 uerbenis,
1122 3865 1270 3948 uaseulis‚
