2888 4590
674 289 694 353 9

177 465 281 549 sedet-3
305 468 398 532 laeua
420 467 599 532 malleolum
622 466 725 550 hahet,
749 465 860 534 dextra
884 466 993 533 sceleti
1008 466 1188 532 bracchium

177 581 392 667 apprehendit.

245 693 321 763 20²⁸.
358 698 481 764 Sarda
503 698 645 764 femina
668 700 767 764 musei
791 698 983 783 imperatorii
1006 698 1188 781 Petropo·

176 813 294 879 litani
321 809 371 896 (Ε,
389 815 430 897 ΙΙ,
448 816 478 897 4,
499 809 540 897 1).
572 851 616 859 -
644 816 765 900 Iaspidi
793 814 990 879 Berolinensi
1022 807 1093 896 (19)
1122 833 1191 897 per·

178 951 272 1013 quam
296 929 415 1013 similis,
440 921 500 994 nisi
525 931 609 1014 quod
625 930 830 996 Prometheus
854 930 965 995 dextra
982 929 1107 1013 spinam
1125 949 1191 994 sce-

179 1044 233 1110 leti
256 1050 348 1109 tenet.

247 1154 323 1224 21²³.
366 1159 490 1224 Sarda
528 1160 671 1227 femina
708 1162 882 1246 perexigua
920 1160 1188 1226 Kestneriane.

182 1275 445 1361 aposphragisma
467 1278 663 1360 possessoris
688 1278 827 1343 comitati
849 1277 957 1342 debeo.
975 1312 1018 1321 —
1033 1275 1121 1340 Idem
1143 1296 1191 1340 ar-

178 1398 367 1476 gumentum.

247 1507 446 1592 22.'Onyx
480 1507 658 1591 uirgatus
693 1504 832 1593 (striped
862 1501 968 1592 onyx)
995 1508 1029 1572 in
1059 1507 1190 1590 gemmis

179 1623 423 1706 Hertzianis‚
449 1622 487 1688 cf.
506 1625 672 1707 catalogue
696 1625 732 1688 of
747 1624 800 1690 the
817 1625 982 1690 collection
1005 1622 1125 1689 formed
1149 1623 1191 1708 by

179 1741 287 1821 Hertz,
317 1738 417 1803 Lond.
439 1739 538 1822 1851,
563 1760 594 1823 p.
613 1741 656 1804 56
680 1761 710 1804 n.
734 1740 833 1824 1122,
858 1741 911 1805 ubi
934 1740 983 1806 his
1007 1738 1193 1806 describitur

180 1857 298 1922 uerbis:
326 1879 367 1940 „a
387 1854 613 1941 philosopher„
628 1836 742 1936 aeuted,
765 1859 922 1943 prosperaq
945 1881 966 1921 a
988 1857 1105 1920 hamah
1123 1855 1191 1919 ehe-

180 1973 273 2053 laon,
298 1970 400 2035 which
423 1973 532 2036 ataado
555 1971 757 2056 beforehim,
783 1972 822 2058 op
845 1974 893 2037 the
909 1994 987 2036 orm.
1024 1964 1073 2056 7,,
1088 1973 1133 2036 in.
1150 1971 1190 2050 h.‚

183 2082 231 2173 ⁷sffi
243 2090 287 2152 dn.
303 2081 363 2151 oo.“
382 2108 421 2152 ex
434 2089 546 2170 quibus
560 2089 708 2172 colligere
722 2090 796 2154 licet
807 2088 1037 2174 sardonychem
1053 2094 1193 2152 nostrum

182 2203 321 2269 eundem
345 2203 442 2268 fuisse
476 2211 569 2287 atque
600 2205 740 2270 eiusdem
774 2205 999 2288 magnitudinis
1025 2225 1190 2287 gemmam,

180 2341 275 2403 quam
290 2321 325 2384 P.
340 2319 500 2385 Sanctes
513 2320 698 2386 Bautolus
714 2342 788 2386 aere
805 2321 961 2404 expressit
975 2321 1007 2384 in
1022 2320 1192 2405 „antiquis-

182 2437 269 2502 simis
286 2436 452 2519 Virgiliani
476 2436 594 2502 codicis
618 2431 784 2521 picturis,“
814 2456 893 2519 quas
916 2437 1035 2501 Romae
1059 2456 1087 2501 a.
1109 2435 1192 2500 1776

182 2552 281 2618 edidit
316 2546 461 2636 (tabulae
497 2573 694 2618 numerorum
729 2553 812 2617 notis
845 2547 980 2634 carent).
1031 2558 1099 2617 erat
1127 2559 1192 2617 tum

181 2667 267 2753 apud
289 2668 502 2734 marchionem
526 2671 613 2734 Ioan.
632 2670 713 2734 Petr.
731 2668 997 2733 Lucatellium.
1053 2725 1054 2730 ,

249 2779 323 2849 23*.
360 2785 621 2870 Iaspisflaua,
659 2785 732 2851 olim
768 2785 799 2848 in
833 2804 941 2849 museo
975 2784 1192 2850 Christiani

183 2899 304 2983 Denh,
322 2901 375 2984 qui
391 2901 460 2985 ipse
476 2901 574 2966 edidit
590 2902 621 2966 in
638 2900 941 2986 aposphragismatis
958 2893 1038 2966 suis:
1056 2901 1190 2983 Dulce,

181 3036 288 3081 museo
312 3016 345 3081 di
368 3017 461 3082 Denh
485 3018 500 3081 I
522 3039 554 3101 p.
572 3019 625 3100 87,
649 3019 679 3082 Η
704 3039 733 3083 n.
756 3017 798 3081 74
821 3012 946 3100 (1772).
994 3019 1134 3102 Ruspe:
1159 3018 1192 3082 II

179 3153 209 3196 n.
229 3131 324 3196 8560.
350 3167 395 3175 —
421 3134 498 3198 Post
519 3134 739 3198 Prometheum
764 3139 846 3198 astat
868 3132 999 3216 femina3
1030 3134 1069 3198 ab
1093 3133 1192 3198 altera

180 3255 269 3333 parte
299 3248 342 3313 ad
370 3251 519 3314 sceletum
552 3249 680 3314 aduolat
707 3269 785 3334 puer
814 3246 915 3314 alatus
945 3248 1047 3314 facem
1069 3255 1189 3314 tenena.

179 3364 384 3429 Prometheus
408 3365 477 3448 ipse
500 3365 592 3430 solito
615 3365 723 3429 habitu
746 3365 778 3428 in
800 3384 878 3430 saxo
895 3364 992 3447 sedet,
1016 3365 1110 3430 laeua
1126 3384 1191 3429 soe-

180 3479 234 3544 leti
258 3480 370 3545 stantis
393 3480 593 3564 prehendens
617 3501 752 3545 manum.
