2888 4590
651 350 694 416 55

234 572 395 590 .......
426 527 523 592 Versa
546 531 568 593 9
590 551 676 593 ncaa
698 531 820 615 papiae
838 528 962 594 Codicis
983 531 1113 615 incipit,
1143 533 1178 594 ia

167 644 255 705 caius
277 645 423 727 marpissa
444 645 558 708 iterum
580 665 762 708 monemur:
786 646 831 709 ἔτι
853 645 917 711 ἔστι
940 643 975 711 τὸ
990 647 1178 730 ἐπίγραμμα

165 755 247 841 μετὰ
269 759 325 823 τοῦ
347 755 495 824 ὄπισθεν.

233 873 275 936 At
302 872 380 937 haec
403 874 529 956 quidem
551 875 637 940 nullo
660 874 754 941 modo
782 875 949 942 cohaerere
973 876 1036 947 iam
1059 877 1178 941 monuit

164 987 356 1052 Meinekius:
729 1060 733 1067 ¹

270 1164 272 1168 ,
298 1099 392 1188 asseri
415 1101 553 1187 σενζωὴ
575 1107 786 1190 τεθλιμμένη·
811 1099 885 1170 citii
906 1102 969 1187 γὰρ
994 1099 1073 1189 αὐτὴ

342 1215 435 1304 ἡδεῖ’,
458 1213 663 1304 ἄλλ’ἒχθροῦ
685 1224 872 1305 enarrantur]
894 1219 1055 1285 θανάτου.

300 1335 335 1398 ἐκ
358 1339 441 1418 colae
465 1331 642 1417 ὤνθρωποι
665 1329 922 1420 ἀπηκριβωμένον
945 1331 1046 1401 ὀστῶν

344 1446 510 1534 ἁρμονίης,
533 1446 760 1536 ὕψοῦντ’ἦέρα
782 1445 844 1515 κᾶν
866 1451 1013 1535 νεφέλας.

165 1584 297 1629 necesse
319 1564 414 1647 igitur
437 1570 485 1628 est
507 1572 560 1629 aut
583 1564 695 1631 deesse
719 1565 838 1648 aliquid
867 1566 947 1631 inter
969 1585 1079 1630 uersus
1104 1567 1124 1630 6
1148 1573 1179 1631 et

166 1680 195 1762 9,
221 1685 274 1743 aut
297 1678 359 1743 duo
383 1698 454 1743 esse
477 1681 618 1744 carmina
641 1687 803 1764 separata,
834 1680 918 1762 quod
947 1680 1024 1746 mihi
1051 1680 1178 1762 quidem

165 1795 231 1859 ueri
255 1794 388 1859 similius
412 1793 544 1876 uidetur,
569 1815 639 1860 cum
662 1816 725 1860 non
749 1795 859 1861 eadem
883 1798 979 1880 plane
995 1816 1046 1861 res
1067 1802 1180 1879 agatur

165 1911 198 1974 in
221 1915 352 1992 utraque
375 1915 463 1992 parte
487 1910 634 1975 carminis
662 1911 886 1994 aptissimeque
911 1911 1091 1976 terminetur
1114 1912 1179 1994 epi-

166 2045 309 2108 gramma
332 2022 466 2090 dislicho
490 2025 522 2088 in
545 2024 698 2090 Phidonis
722 2027 904 2091 memoriam
927 2026 1110 2110 composito.

234 2139 285 2204 Ad
319 2138 402 2204 hune
436 2138 551 2203 nodum
587 2139 818 2224 expediendum
858 2160 973 2206 nouam
1010 2141 1094 2205 uiam
1134 2141 1180 2205 iu-

165 2275 293 2338 gressus
329 2260 377 2320 est
404 2255 573 2338 Hecker,
611 2256 663 2337 qui
692 2256 711 2319 l.
734 2256 755 2320 l.
785 2256 864 2321 haee
892 2255 1053 2321 disseruit:
1090 2256 1180 2320 Idea

165 2371 479 2435 animaduertendam
505 2365 544 2451 (i.
564 2389 590 2434 e.
616 2370 710 2435 etiam
740 2371 805 2435 alia
828 2390 991 2436 occurrere
1014 2372 1046 2436 in
1069 2371 1179 2436 antho-

111 2570 113 2574 ,
165 2486 251 2568 logia
273 2486 464 2568 Meleagrica
487 2485 640 2567 carmina,
665 2505 748 2567 quae
769 2486 902 2569 intelligi
925 2493 1091 2569 nequeant,
1116 2487 1178 2551 nisi

165 2601 269 2664 animo
298 2601 354 2665 tibi
383 2601 531 2665 informes
560 2599 730 2682 imaginem
759 2601 932 2685 anaglyphi
960 2600 1091 2684 lapidis,
1128 2602 1178 2665 eui

166 2716 345 2799 subscripta
366 2710 495 2797 suerint)
519 2716 557 2778 de
573 2715 736 2779 Leonidae
759 2719 908 2798 carmine,
933 2717 1020 2801 qaod
1040 2718 1075 2779 ia
1098 2717 1179 2779 duas
1280 2727 1281 2730 ’

168 2827 390 2917 inscriptiones
403 2852 480 2894 arce
494 2831 667 2916 sepulcrali
678 2833 797 2896 iacisas
812 2815 983 2917 dispescuit
995 2833 1061 2895 iarn
1072 2831 1181 2896 Brua-

165 2947 261 3010 clias.
301 2948 337 3010 ia
362 2957 458 3031 parte
488 2968 565 3010 arae
592 2949 754 3032 superiore
778 2947 958 3032 tepebaatar
981 2959 1047 3011 octo
1069 2970 1180 3012 aersas
1210 2953 1213 2960 '

165 3057 281 3144 (1-8)
299 3109 306 3124 .
324 3107 332 3124 .
350 3106 383 3124 ..
415 3063 450 3124 ia
479 3061 631 3146 inferiore
659 3074 762 3127 catera
790 3065 927 3127 eiusdem
957 3063 1064 3127 lateris
1087 3075 1180 3149 parte

166 3177 348 3263 aaaplpplo
364 3174 537 3263 subscripti
551 3177 733 3263 leqcbaatar
747 3200 858 3242 ansas
875 3179 910 3241 ta·
928 3173 1068 3261 (9—18)
1081 3228 1177 3243 .....

172 3291 299 3356 Verbis
326 3291 365 3356 in
392 3296 499 3376 ποίης
531 3305 564 3357 et
594 3290 713 3368 to’stg
744 3295 960 3380 respicitur
988 3294 1037 3357 acl
1060 3293 1178 3379 sipa-

164 3429 246 3470 rara
268 3407 404 3471 sceleti
430 3407 590 3471 lamani
616 3430 708 3472 saco
736 3430 829 3473 arae
851 3408 1094 3494 sepulcralis
1117 3411 1178 3473 ia-

165 3523 366 3607 scalptam.

231 3639 269 3701 ln
284 3637 333 3700 his
350 3657 430 3719 quae
446 3635 487 3700 ad
503 3655 613 3702 uersus
629 3636 845 3722 disponendos
866 3637 998 3704 attinent
1013 3647 1179 3723 utcumque

167 3771 201 3816 se
225 3745 355 3816 habent:
387 3752 535 3834 quotide
558 3753 666 3818 sceleti
687 3754 825 3836 imagine
848 3751 1026 3819 adfirmauit
1049 3757 1115 3821 ueri
1138 3757 1178 3821 si-

163 3865 327 3930 millimum
356 3885 428 3931 esse
456 3886 549 3932 nemo
579 3868 612 3933 ni
641 3867 733 3933 fallor·
761 3870 888 3953 negabit
920 3869 1179 3954 philosophorum
