2888 4590
686 355 730 421 23

199 528 295 612 antiq.
312 531 401 595 Rom.
432 551 462 614 p.
480 531 533 596 56.
575 532 770 616 Koppius:
804 533 964 618 palaeogr.
988 535 1054 599 crit.
1085 535 1147 599 uol.
1163 535 1213 599 ΙΙΙ

199 667 229 730 p.
247 646 321 711 627.
341 679 385 690 -
409 646 541 712 Gemma
556 647 793 714 Muenterianae
815 643 860 732 (n.
879 644 946 732 59),
965 650 993 714 si
1015 670 1079 715 non
1102 649 1213 716 eadem

199 766 255 843 est,
272 765 404 826 atcerte
421 760 589 827 simillima.
625 784 699 827 nam
723 763 806 846 quod
824 764 1115 848 Stephanonianum
1138 785 1213 849 apo·

199 874 342 960 graphon
371 896 513 960 papauer
539 898 597 961 pro
625 879 738 944 baculo
767 899 845 963 pera
873 879 1027 945 instructo
1056 885 1086 946 et
1114 887 1215 945 rotam

199 996 328 1075 paterae
350 991 420 1056 loeo
444 991 578 1075 exhibet,
603 992 637 1057 id
660 994 758 1059 errori
782 1001 836 1059 aut
850 993 957 1060 deberi
981 1000 1034 1059 ant
1049 1015 1144 1079 posse
1161 994 1213 1061 de·

199 1106 266 1171 beri
288 1106 462 1172 clarissime
484 1115 624 1192 apparet.
661 1116 816 1193 repugnat
841 1110 911 1175 sola
930 1130 1073 1193 gemmae
1094 1111 1214 1194 magni·
1292 1097 1294 1100 ’

200 1219 284 1304 tudo,
309 1241 404 1304 quam
428 1222 535 1287 nescio
559 1243 600 1287 an
623 1230 707 1289 recte
730 1223 922 1309 descriptam
945 1225 1125 1309 appinxerit
1147 1225 1214 1291 Ste-

199 1336 386 1422 phanonius.

266 1453 318 1517 61.
354 1450 652 1534 Lithostrotum‚
683 1453 781 1538 quod,
811 1454 993 1539 Pompeis
1022 1453 1063 1519 ad
1091 1460 1213 1539 portam

199 1567 383 1634 Stabianam
406 1567 583 1651 nuperrime
606 1568 764 1652 effossum,
793 1589 876 1635 nunc
899 1570 931 1634 in
954 1589 1062 1636 museo
1086 1570 1212 1654 publico

200 1683 459 1767 Neapolitano
493 1682 677 1748 adsematur
711 1679 771 1767 (of.
794 1684 950 1750 archaeol.
972 1685 1097 1769 zeitung
1127 1685 1213 1762 1874

199 1819 229 1882 p.
255 1793 341 1881 120).
387 1797 512 1882 dequo
536 1818 606 1864 oum
630 1820 670 1864 ex
691 1801 772 1866 actis
796 1800 916 1866 diurnis
939 1801 1133 1885 accepissem
1156 1821 1214 1885 per

202 1913 278 1979 mihi
293 1920 415 1997 gratum
438 1914 490 1980 hic
506 1934 629 1997 quoque
649 1914 723 1981 fecit
739 1915 870 1982 Carolus
886 1917 1010 1998 Robert,
1036 1917 1089 1999 qui
1103 1916 1212 2000 photo-

198 2028 363 2113 graphiam
386 2029 483 2095 uariis
507 2030 664 2095 coloribus
688 2031 729 2096 ad
751 2031 955 2116 archetypum
978 2031 1095 2116 pictam
1118 2032 1210 2112 misit,

200 2144 250 2210 oui
266 2142 409 2210 edendae
426 2146 513 2211 breui
530 2152 670 2230 tempore
686 2167 815 2231 operam
831 2146 923 2212 dabo.
952 2147 1036 2212 idem
1051 2147 1214 2231 rescripsit

200 2259 410 2326 lithostrotum
444 2262 540 2326 altum
574 2282 645 2327 esse
677 2263 777 2342 0,446
805 2285 861 2346 m,
898 2265 994 2327 latum
1027 2263 1136 2346 0‚393.
1168 2297 1212 2309 --

199 2374 336 2441 Medium
369 2376 579 2442 lithostrotum
613 2378 753 2443 caluaria
786 2385 920 2461 occupat
958 2398 1065 2442 ueram
1099 2379 1211 2462 capitis

198 2491 326 2557 humani
350 2492 597 2575 magnitudinem
619 2513 721 2577 paene
744 2512 893 2575 aequans.
931 2513 1027 2577 supra
1046 2493 1211 2577 perpendi·
1301 2529 1303 2532 -

199 2609 303 2672 culum
326 2608 470 2691 comitur,
495 2629 515 2673 a
538 2607 650 2673 dextra
673 2609 818 2673 baculum
841 2629 911 2674 cum
931 2628 1017 2692 pera,
1042 2629 1063 2673 a
1084 2608 1212 2674 sinistra

198 2722 326 2808 thyrsus
349 2723 382 2787 ni
404 2723 510 2807 fallor,
536 2730 700 2806 utrumque
722 2723 835 2789 taeniis
859 2724 1035 2808 pannisque
1058 2709 1209 2789 ornatum

199 2837 281 2904 inira
302 2838 496 2923 papilionem
519 2844 550 2905 et
572 2846 673 2904 rotam
696 2838 819 2904 addidit
841 2838 963 2904 artifex.

267 2949 344 3020 62⁹⁶.
386 2954 511 3020 Sarda
543 2955 699 3039 femina,
736 2955 811 3019 olim
844 2956 953 3042 „opud
980 2954 1211 3042 Hieronymum

200 3072 334 3157 equitem
359 3063 503 3135 Odcm“
528 3077 608 3136 teste
631 3071 805 3136 Victorio
833 3070 866 3135 in
895 3070 1116 3136 dissertatione
1143 3071 1211 3156 gly-

199 3184 408 3270 ptographica
427 3183 560 3269 (Romae
578 3180 686 3269 1739),
712 3186 765 3269 qni
787 3185 872 3251 idem
894 3185 1100 3271 apographon
1124 3186 1210 3269 ligno

199 3320 384 3386 expressum
407 3301 507 3367 edidit
528 3303 561 3368 in
584 3323 613 3387 p.
633 3301 684 3367 70.
721 3301 852 3366 alterum
875 3306 978 3367 exstat
1000 3300 1085 3385 apud
1108 3301 1210 3384 Becq

175 3507 177 3511 Ι
200 3415 244 3482 de
259 3417 510 3499 Fouquieres:
530 3417 608 3503 jeux
631 3417 688 3482 des
713 3416 842 3482 arciens
865 3417 898 3481 in
919 3438 950 3501 p.
968 3416 1042 3481 355.
1079 3416 1210 3482 uitreum

199 3548 342 3617 gemmae
358 3535 535 3618 exemplum
551 3538 599 3599 est
613 3533 646 3598 in
661 3532 863 3599 Tassieanis:
888 3533 1016 3616 Raspe
1036 3533 1052 3597 Ι
1075 3533 1104 3596 n'.
1123 3533 1209 3597 8223

199 3669 230 3732 p.
256 3649 336 3731 482,
371 3647 521 3732 sulphure
555 3668 740 3734 expressum
774 3649 916 3714 inuenies
951 3647 1037 3732 apud
1071 3647 1208 3713 Dolce:

199 3784 308 3830 museo
332 3762 365 3829 di
380 3762 473 3829 Denh
496 3765 563 3829 DD
586 3786 615 3829 n.
635 3766 665 3847 2,
689 3766 739 3829 ΙΙΙ
761 3787 792 3850 p.
812 3765 863 3829 74.
888 3797 929 3808 -
953 3764 1116 3847 Inscalpta
1138 3768 1211 3828 sunt

200 3886 292 3963 serta,
316 3884 431 3964 guttus‚
448 3887 567 3964 patera,
593 3881 740 3964 caluaria,
757 3880 830 3945 talis
846 3885 992 3964 quattuor
1007 3879 1208 3944 circumdata
