2888 4590
645 339 687 403 29

159 512 270 578 dextro
297 513 439 597 margine
471 513 603 580 fructum
630 521 680 581 est
712 537 856 583 marmor.
905 525 1054 601 quantum
1090 517 1171 583 desit
1242 508 1244 511 ’

157 629 252 712 plane
273 629 464 712 ignoramus.
764 625 767 634 ’

420 1021 534 1086 Variae
553 913 708 1086 lamahhh
728 1024 876 1104 imagines
884 1027 913 1097 ¹).

298 1193 327 1262 a)
346 1189 472 1249 LARVA
491 1191 610 1249 8οΜΝο
628 1193 761 1248 MORTlS
780 1193 1035 1249 EXPERREOTA.

226 1313 277 1376 83.
312 1312 388 1377 Ara
411 1313 597 1397 sepulcralis
621 1312 671 1378 dis
694 1314 838 1378 manibus
854 1313 1011 1378 Antoniae
1027 1315 1170 1378 Panaces

158 1426 264 1492 dicata
286 1421 451 1509 (Gruterus
475 1449 505 1513 p.
521 1429 584 1493 669
609 1447 637 1492 n.
657 1422 701 1511 2),
726 1449 807 1512 quac
831 1449 914 1494 saec.
931 1430 1009 1494 XVI
1032 1435 1100 1494 erat
1117 1431 1170 1512 „ia

157 1545 252 1607 uinea
265 1543 421 1627 familiae
443 1543 578 1608 Medicis
607 1545 652 1607 ad
673 1537 794 1630 prcta“
824 1539 922 1627 (Villa
944 1544 1093 1609 Madama
1121 1546 1169 1608 sul

157 1660 263 1724 Monte
278 1654 407 1742 Mario);
432 1679 515 1724 nunc
538 1666 641 1725 autem
663 1659 848 1725 adseruatur
870 1661 903 1725 in
919 1680 1027 1726 museo
1043 1660 1169 1744 publico

157 1775 421 1859 Neapolitano
443 1774 602 1857 (Gcrhard
625 1774 690 1839 und
713 1775 878 1841 Panofka:
907 1777 1007 1860 Neap.
1027 1782 1090 1840 ant.
1107 1776 1167 1840 bw.

156 1910 186 1974 p.
201 1891 242 1954 61
257 1887 346 1973 serp).
377 1889 574 1955 delinearunt
593 1911 680 1955 aram
703 1891 839 1957 artifices
862 1892 915 1974 qui
937 1891 1064 1957 codices
1087 1911 1169 1956 com·

156 2012 327 2088 posuerunt
353 2005 639 2089 Oohurgcnscm
663 2003 799 2090 (Matzt
823 2008 1012 2073 monatsber.
1037 2006 1068 2070 d.
1092 2007 1167 2073 herl.

156 2121 251 2186 ahad.
271 2123 354 2186 1871
379 2142 411 2206 p.
424 2122 490 2187 476
514 2143 543 2186 n.
564 2116 642 2206 103)
670 2129 701 2188 et
723 2122 955 2206 Pighianum
978 2118 1035 2205 (0.
1053 2121 1166 2188 Jahn:

157 2237 220 2301 her.
240 2236 269 2300 d.
287 2237 391 2302 sache.
409 2257 474 2321 ges.
493 2236 523 2302 d.
541 2239 626 2304 wiss.
647 2239 731 2303 1868
754 2259 785 2322 p.
803 2239 867 2303 207
891 2260 921 2303 n.
942 2234 1027 2321 126).
1063 2236 1168 2302 edide-

155 2359 225 2416 runt
241 2351 355 2417 deinde
371 2352 474 2437 Spon
491 2348 692 2435 (recherches
709 2354 868 2418 cunienses
884 2352 1066 2436 d’antiquite
1082 2373 1112 2436 p.
1125 2353 1167 2417 92

155 2468 216 2533 tab.
239 2468 276 2550 53
312 2469 400 2534 misc.
425 2469 511 2533 erud.
535 2469 632 2551 antiq.
663 2489 693 2553 p.
719 2471 737 2533 l
766 2469 828 2533 tab.
846 2468 883 2551 53
918 2468 1029 2534 Poleni
1063 2468 1166 2552 suppl.

154 2583 315 2666 utriusque
343 2583 482 2649 thesauri
505 2585 549 2650 IV
577 2605 608 2668 p.
626 2578 755 2666 laam
784 2590 815 2649 et
841 2578 1017 2666 odilhoh),
1047 2582 1167 2648 Mont-

154 2698 309 2765 faueon:
343 2699 516 2783 l'antiquitd
551 2701 633 2784 expl.
663 2700 693 2782 Ι,
724 2702 740 2763 1
771 2699 833 2764 tab.
858 2699 936 2783 121,
967 2700 996 2764 3.
1036 2718 1167 2782 qnorum

154 2822 257 2880 autem
280 2815 313 2879 in
337 2815 489 2899 exemplis
513 2815 611 2880 multa
634 2835 800 2899 perperam
823 2815 982 2881 delineata
1006 2835 1077 2880 esse
1102 2834 1166 2880 mo-

153 2931 221 2995 nnit
247 2931 390 3012 Olfcrs,
420 2931 473 3014 qui
501 2931 570 3014 ipse
599 2931 826 2997 accuratiorem
857 2931 1030 3016 anaglyphi
1058 2931 1167 3014 imagi-

153 3067 224 3112 ncm
253 3047 369 3132 publici
398 3046 474 3111 iuris
504 3046 578 3111 fecit
605 3046 637 3111 in
667 3047 728 3111 tab.
753 3045 787 3130 5,
814 3046 834 3110 2
859 3045 910 3127 (cf.
927 3067 958 3131 p.
977 3047 1029 3129 31,
1054 3044 1098 3127 2).
1123 3082 1166 3090 -

154 3163 191 3226 ln
214 3162 316 3227 fronte
340 3183 414 3227 arae
437 3161 635 3246 inscriptioni
659 3163 874 3247 anaglyphum
898 3161 1108 3244 subiunctum,
1134 3163 1166 3227 in

153 3298 214 3360 quo
243 3280 333 3343 larua
359 3277 445 3342 humi
474 3278 583 3342 iacens
610 3277 718 3342 efficta
744 3284 801 3344 est.
845 3297 955 3343 somno
982 3284 1167 3360 experrecta

153 3394 365 3477 paulatimque
389 3413 522 3476 surgens
546 3413 661 3477 corpus
685 3393 717 3457 in
742 3394 878 3458 cubitum
900 3394 993 3475 leuat,
1023 3393 1163 3458 dextram

153 3509 245 3590 quasi
268 3509 445 3593 stupefacta
467 3508 589 3573 tollens.
632 3508 760 3573 alaeua
783 3511 902 3574 lacerta
925 3509 1097 3593 subrepens
1120 3510 1166 3574 in·

152 3630 271 3688 sectum
300 3623 428 3707 aliquod
453 3644 566 3707 capere
589 3623 722 3688 uidetur.
766 3643 862 3708 supra
883 3623 1002 3708 papiho
1027 3619 1164 3689 aduolat]

224 3780 244 3843 ¹)
264 3776 364 3833 Confer
382 3794 451 3847 quus
470 3793 553 3846 supra
565 3792 739 3834 numerorum
759 3778 831 3832 notis
844 3779 887 3847 51,
904 3778 948 3846 80,
961 3779 1004 3847 81,
1017 3779 1052 3832 82
1070 3780 1165 3833 notaui

158 3875 259 3928 laruas.
