2888 4590
621 368 689 433 Ι15

160 566 242 611 anno
261 546 301 610 ¹h.
320 567 344 611 ε.
362 547 459 612 ΧΧΧ
488 549 538 612 uel
563 568 650 631 seqq.
698 547 738 612 de
768 567 830 629 qua
852 567 977 630 gemma
999 544 1107 611 audiui
1130 565 1170 610 ex

160 659 273 728 Carolo
298 664 414 728 Robert
436 663 504 728 uiro
528 662 720 747 doctissimo⁷
746 664 798 747 qui
821 665 891 749 ipse
908 662 1170 749 aposphragisma

160 779 252 843 misit.
282 814 324 822 —
350 778 548 863 Sardonyohi
563 779 801 844 vindobonensi
824 779 864 844 de
888 800 949 862 quo
973 799 1070 863 supra
1092 778 1170 843 dixi-

159 914 227 960 mus
251 891 295 978 (n.
311 888 368 978 32)
392 895 512 978 similis,
537 896 599 960 nisi
623 895 707 979 quod
731 895 902 960 caluariam
925 897 1020 980 paulo
1045 916 1172 961 aooura-

160 1010 221 1076 tius
246 1011 413 1095 insealpsit
435 1031 583 1076 romanus
607 1011 727 1076 artifex.

225 1121 302 1191 34²⁸.
346 1127 553 1213 Sardonyx
586 1120 725 1192 thesauri
758 1125 1016 1192 Rhodesiani:
1053 1126 1168 1210 King,

159 1243 285 1326 antique
300 1238 405 1326 gems²
425 1265 456 1327 p.
473 1243 534 1308 165
551 1240 605 1326 (of.
623 1264 652 1327 p.
666 1239 745 1328 lxj.),
770 1243 822 1326 qui
844 1243 1012 1326 imaginem
1028 1262 1171 1325 gemmae

158 1358 244 1441 ligno
268 1378 452 1443 expressam
475 1360 554 1425 libro
579 1380 635 1424 suo
657 1359 795 1424 inseruit.
831 1356 1094 1443 aposphragisma
1109 1359 1170 1422 sul-

157 1473 257 1558 phure
281 1494 464 1559 expressum
489 1474 587 1539 edidit
607 1474 713 1539 Denb:
739 1475 861 1538 Doleo
882 1495 961 1539 mus.
980 1473 1012 1538 di
1027 1473 1121 1538 Denh
1142 1475 1170 1538 Τ

158 1611 186 1654 n.
207 1590 257 1654 72.
294 1590 327 1654 ΙΙ
349 1610 379 1674 p.
398 1591 450 1655 93.
488 1592 664 1675 exemplum
685 1611 828 1674 gemmae
849 1591 982 1655 uitreum
1004 1588 1171 1672 quoderat
1278 1622 1286 1633 ·

156 1707 188 1769 in
217 1706 414 1771 Stosohianis
441 1699 769 1790 (WinokeImannz
800 1705 900 1771 deser.
926 1707 964 1770 ol.
982 1706 1025 1770 IV
1056 1726 1086 1769 n.
1107 1705 1169 1769 105

155 1841 186 1906 p.
200 1815 281 1904 425)
304 1822 442 1888 imitatus
458 1829 507 1889 est
522 1823 649 1902 Tassie:
675 1824 800 1906 Raspe
825 1823 990 1904 catalogue
1005 1822 1038 1886 II
1060 1843 1090 1905 p.
1104 1821 1169 1886 599

156 1959 186 2002 n.
207 1938 313 2004 10385
337 1933 413 2022 (quo
437 1939 572 2022 pertinet
595 1938 678 2022 quod
702 1938 742 2003 de
766 1939 894 2019 antiquo
916 1939 1094 2021 scalpturae
1117 1958 1169 2021 ge-

156 2074 229 2118 nere
253 2054 346 2119 etde
370 2075 426 2118 ora
448 2075 590 2138 gemmae
615 2055 676 2119 alio
701 2056 784 2137 loeo,
810 2076 839 2119 u.
862 2055 978 2136 10384,
1003 2074 1169 2139 perperam

156 2164 300 2252 addidit).
342 2171 465 2236 Gades
489 2168 546 2255 (32
571 2192 600 2235 n.
621 2164 677 2253 79)
705 2171 756 2235 hio
785 2189 908 2254 quoque
931 2189 1086 2252 gemmam
1110 2170 1169 2235 Po-

155 2285 409 2351 niatovskianam
440 2287 637 2371 expressisse
664 2287 724 2352 sibi
748 2287 834 2351 uisus
864 2291 920 2351 est.
946 2320 988 2328 —
1012 2284 1170 2368 Adposuit

156 2399 268 2464 artifex
292 2401 442 2466 arborem.
490 2402 529 2467 de
560 2402 620 2467 huo
644 2422 767 2485 quoque
790 2422 915 2485 gemma
936 2401 970 2464 in
991 2399 1054 2465 fine
1077 2399 1169 2465 huius
1238 2441 1242 2446 -

157 2513 386 2582 dissertationis
409 2518 535 2582 uberius
559 2518 708 2584 dioemus.
751 2539 753 2544 ·

224 2629 266 2694 35
275 2625 301 2694 *.
344 2631 499 2698 Gemma
540 2654 632 2714 quam
671 2633 964 2718 aposphragismate
999 2630 1168 2716 sulphureo

156 2744 343 2812 Stosohiano
381 2767 455 2813 usus
488 2750 643 2833 expressit
670 2750 797 2814 Tassie:
835 2751 963 2831 Raspe
986 2747 1018 2811 II
1049 2768 1079 2831 p.
1102 2745 1167 2811 598

156 2881 185 2924 n.
207 2862 313 2928 10384
337 2857 434 2946 (quae
458 2840 498 2930 de
514 2867 692 2950 scalpturae
707 2885 823 2950 genere
844 2870 875 2930 et
896 2884 970 2930 orae
986 2868 1168 2927 ornamento

155 2977 287 3042 subiecit
310 2978 371 3045 huo
394 3001 458 3045 non
481 2982 637 3065 quadrare
661 2982 717 3047 sed
741 2982 782 3046 ad
806 2981 900 3046 aliam
921 3001 1076 3064 gemmam
1099 3000 1168 3064 per-

154 3094 254 3160 tinere
277 3116 373 3181 supra
398 3092 439 3178 [rr.
459 3093 514 3180 34]
534 3095 691 3181 diximus).
710 3133 753 3142 -
769 3097 856 3164 idem
873 3104 920 3162 est
936 3102 1161 3180 argumentum.

221 3206 297 3276 36²².
333 3212 456 3278 Sarda
489 3213 633 3279 femina
663 3215 763 3279 musei
791 3214 1165 3279 Thorvaldseniani:

153 3328 187 3391 L.
210 3327 362 3411 Miiller,
400 3349 478 3394 mus.
502 3330 617 3395 Thorv.
642 3331 758 3395 soot.3
789 3351 819 3413 p.
845 3331 907 3394 139
938 3351 965 3394 n.
994 3330 1087 3394 1204.
1123 3363 1167 3371 -

152 3442 298 3508 Rustious
329 3445 413 3527 pelle
441 3445 568 3510 indutus
597 3451 653 3530 est,
684 3451 718 3510 ut
746 3445 777 3510 in
806 3446 965 3530 plerisque
988 3445 1167 3511 huiusmodi

153 3558 284 3639 gemmis
308 3560 424 3626 sautum
448 3560 600 3626 uidemus.

219 3669 295 3739 37³².
333 3675 456 3741 Sarda
479 3676 621 3741 femina
643 3676 743 3740 musei
767 3676 959 3760 imperatorii
980 3678 1166 3760 Petropo-

151 3789 266 3854 litani
295 3787 347 3874 (A,
370 3792 422 3873 49,
449 3792 489 3856 14
523 3791 673 3857 armoires
709 3792 749 3856 de
778 3785 953 3873 Neuwied).
990 3825 1033 3833 -
1068 3792 1167 3856 Abest

151 3905 278 3988 papilio.
