2888 4590
647 348 689 414 31

157 524 278 610 podere
308 524 347 589 dc
369 525 474 612 padri
495 518 633 591 Scaiti“
663 531 820 608 repertum
847 544 919 591 essa
941 532 1049 591 narrat
1069 525 1172 591 Ludo·

161 641 250 705 uicus
275 640 461 706 Oanalius
489 640 522 706 in
550 641 685 725 epistula
711 639 753 704 ad
775 640 1038 724 Vermigliolii
1060 641 1173 706 librum

159 754 284 821 adnexa
312 757 366 839 qui
393 756 573 821 inscribitur
599 755 730 840 „saggio
760 754 792 819 di
821 756 929 822 bronzi
951 756 1088 822 etruschi
1110 762 1172 822 tro-

158 870 222 936 vati
249 871 321 936 nell’
342 891 420 955 agro
442 871 600 954 Perugino
625 867 781 953 (Perugia
806 866 931 952 1813)“
957 893 987 956 p.
1009 873 1081 937 110.
1129 871 1169 938 cf.

159 985 402 1071 Radulphum
425 985 654 1051 Rochettum
677 985 710 1050 in
733 985 898 1052 memoires
921 985 962 1052 de
985 986 1095 1052 l’acad.
1113 987 1170 1053 des

157 1100 233 1167 inss.
250 1108 282 1166 et
304 1102 401 1167 belles
423 1102 530 1166 lettres
553 1107 594 1166 to.
615 1101 655 1165 13
681 1097 795 1184 (1838)
817 1122 847 1185 p.
867 1101 940 1166 725.

224 1217 276 1281 88.
311 1218 478 1282 Tessera
513 1236 629 1282 ossea
665 1217 698 1280 in
727 1215 915 1282 bibliotheca
942 1217 1070 1301 publica
1097 1218 1169 1282 Pa·

157 1331 328 1402 risiensiv
346 1331 516 1397 adseruata
547 1330 831 1412 (Chabouilleb
862 1333 1027 1414 catalogue
1055 1332 1168 1416 psus

156 1468 186 1511 n.
204 1445 313 1528 3259).
355 1447 442 1513 edita
469 1453 518 1512 est
540 1467 560 1512 a
582 1446 695 1512 comite
724 1445 883 1531 anlus:
914 1447 1029 1513 recueil
1060 1447 1168 1512 d’anti-

156 1563 256 1644 quites
272 1564 321 1627 III
338 1563 400 1627 tab.
420 1561 471 1645 78,
492 1565 519 1644 1,
545 1561 633 1626 cuius
656 1560 864 1646 apographon
880 1561 984 1628 denuo
1000 1563 1169 1647 exscripsit

155 1678 413 1743 Wieselerus:
438 1676 704 1760 theatergebbude
726 1677 788 1741 tab.
805 1677 836 1760 4,
859 1679 900 1740 14
924 1675 966 1762 (p.
985 1672 1053 1761 38).
1070 1713 1113 1722 —
1130 1680 1168 1743 In

155 1794 254 1858 altera
276 1800 366 1878 parte
388 1798 519 1859 exarata
541 1799 589 1859 est
611 1792 690 1858 haec
713 1793 890 1878 inscriptio:

557 2016 766 2108 nplfflTOC

153 2139 186 2203 in
209 2140 309 2205 altera
326 2113 439 2204 laruae
462 2146 557 2223 caput
578 2140 792 2204 sinistrorsum
811 2145 960 2222 spectans
976 2137 1166 2223 insculptum

134 2275 223 2320 ¹cum
246 2245 328 2320 collo
352 2261 388 2319 et'
404 2260 532 2339 pectore
555 2274 685 2320 summo.

220 2370 271 2435 89.
300 2369 570 2455 Anaglyphum
595 2369 815 2455 sepulcrale
837 2367 1032 2452 quadratum,
1050 2388 1164 2434 memo-

152 2485 218 2551 riae
247 2485 405 2551 Oritoniae
432 2485 596 2551 Phileniae
623 2493 654 2550 et
677 2485 714 2564 Q.
738 2484 868 2550 Critonii
890 2483 987 2548 Dassi
1016 2481 1162 2566 dicatum,

151 2601 236 2684 quod
264 2607 359 2666 antea
387 2601 420 2666 in
447 2601 543 2666 uilla
565 2601 727 2667 Sciarra
755 2600 797 2665 ad
819 2599 905 2664 uiam
926 2589 1086 2664 Aureliam
1108 2599 1164 2664 ad·
1216 2679 1228 2697 α

151 2707 311 2782 seruatum
344 2716 581 2781 Ficoronius
617 2717 728 2781 obtulit
761 2735 870 2781 museo
903 2713 1061 2797 collegii
1094 2715 1162 2780 Ro-

150 2833 264 2916 mani:
298 2832 358 2897 hoc
387 2833 481 2898 refert
510 2832 543 2896 in
579 2832 675 2915 libro,
709 2831 763 2914 qui
788 2831 980 2896 inscribitur:
1019 2829 1051 2894 la
1079 2830 1163 2895 bolla
1278 2894 1280 2900 .

149 2948 235 3014 d'oro
265 2948 304 3015 de
332 2948 473 3014 fanciulli
496 2948 630 3014 Romani
656 2944 793 3028 (Romae
820 2944 934 3027 1732).
966 2967 996 3031 p.
1016 2947 1057 3010 75
1087 2967 1161 3012 ana-

151 3064 262 3149 glyphi
291 3064 461 3148 imaginem
488 3084 561 3129 aere
584 3083 768 3148 expressam
791 3062 930 3145 exhibet:
959 3062 1045 3146 prior
1068 3062 1163 3128 etiam

150 3180 359 3265 apographon
385 3179 550 3244 marmoris
573 3179 716 3246 ediderat
735 3177 967 3243 Fabrettius:
988 3176 1047 3242 ins.
1063 3177 1159 3260 antiq.

147 3316 177 3379 p.
198 3296 237 3359 17
255 3317 285 3360 u.
304 3295 345 3360 75
363 3293 487 3376 (1702).
521 3294 560 3360 cf.
578 3294 707 3361 Olfers
730 3315 761 3378 p.
779 3293 822 3357 42
846 3314 876 3358 n.
893 3292 924 3356 4.
942 3324 986 3334 -
1006 3292 1054 3356 Ab
1078 3298 1160 3358 utro·

50 3487 51 3490 Ἴ
147 3432 207 3494 que
229 3411 442 3497 inscriptionis
466 3412 562 3476 latere
586 3410 721 3476 sceletus
745 3415 837 3474 astat.

214 3522 289 3592 90⁹⁶.
325 3528 523 3592 Lacernae
550 3525 662 3590 fictiles
689 3531 884 3608 quattuor,
914 3521 1026 3588 eadem
1048 3542 1157 3588 omnes

146 3642 247 3708 forma
273 3661 457 3726 expressae:
488 3641 610 3725 prima
631 3639 804 3705 Berolini
827 3643 969 3704 seruatur
992 3637 1025 3701 in
1048 3656 1156 3702 museo

146 3759 233 3841 regio
257 3756 299 3838 (n.
317 3751 433 3840 4954);
459 3756 582 3821 altera
596 3757 850 3822 Haunouerae
873 3753 906 3818 in
920 3771 1029 3817 museo
1045 3753 1157 3817 Kest-

145 3874 226 3938 neri
244 3871 466 3954 (Wieselem
491 3871 598 3937 nachr.
617 3871 647 3936 d.
665 3870 821 3957 gottinger
836 3889 902 3953 ges.
920 3867 950 3932 d.
964 3867 1050 3933 wiss.
1070 3867 1156 3932 1870
