2888 4590
750 346 795 411 34

262 525 294 589 in
320 522 451 590 aedibus
476 521 663 607 quibusdem
686 524 817 609 priuatis
841 524 958 607 latens,
991 525 1078 590 cuius
1109 526 1282 611 aposphra-

264 641 368 724 gisma
397 639 560 705 Carolus
590 641 731 706 Rcbert
759 659 798 706 ea
826 660 888 724 qua
923 643 1003 707 solet
1030 643 1176 707 comitate
1207 661 1282 707 usus

262 756 385 821 'mecum
403 754 652 820 communicauit.
667 791 710 800 —
723 756 859 821 Lsruem
875 756 966 822 uides
983 763 1117 823 stantem
1133 757 1281 823 bracchio

264 871 375 937 dextre
404 871 436 936 in
466 870 578 936 baculo
606 871 753 955 imposito
782 891 907 955 exque
936 893 1093 958 suspensa
1115 878 1164 938 est
1186 893 1283 957 pera-

265 990 359 1053 Iaeua
392 987 484 1054 lateri
514 987 643 1052 obnixa.
701 1007 721 1052 e
755 986 867 1053 dextra
906 989 1011 1073 ectypi
1049 987 1203 1073 amphora
1239 988 1281 1070 in3

266 1104 390 1188 scalpta
418 1109 466 1168 est
494 1122 611 1167 corona
639 1101 742 1168 cineta
770 1095 867 1187 supra
895 1123 988 1186 quarn
1024 1105 1111 1169 uolat
1144 1103 1282 1188 papili03

265 1219 299 1284 in
342 1238 400 1284 cra
441 1217 576 1301 denique
619 1218 680 1282 hee
724 1218 959 1302 conspiciuntur
1002 1219 1139 1284 litterae:
1195 1211 1284 1284 ΡΟ-

268 1329 362 1416 1.ΙΟ,
403 1354 485 1417 quae
522 1334 582 1399 hec
621 1333 731 1398 ordine
770 1335 894 1418 positae
928 1341 1001 1400 sunt
1042 1336 1074 1400 in
1109 1334 1284 1420 aposphra-

267 1451 411 1534 gismate.

336 1566 388 1630 97.
417 1565 494 1630 Vas
523 1564 653 1630 fictile
681 1565 891 1651 cylindratum
918 1561 984 1649 (alt.
1007 1560 1156 1650 0,111n.)
1183 1565 1285 1631 musei

215 1771 217 1776 Ι
270 1679 526 1764 Genabensis‚
553 1680 637 1764 qued
660 1702 680 1745 a
703 1681 824 1747 duabus
853 1686 986 1763 tantum,
1011 1679 1045 1744 id
1068 1679 1152 1764 quod
1181 1681 1283 1765 doleo,

270 1796 411 1882 partibus
431 1795 653 1860 delineandum
677 1798 799 1863 curauit
821 1797 867 1862 de
882 1797 1013 1863 Witte:
1039 1796 1203 1862 memcires
1227 1796 1285 1862 des

271 1911 463 1995 antiquaires
492 1910 532 1976 de
555 1912 678 1977 France
700 1913 762 1977 uel.
780 1914 821 1978 31
846 1912 908 1977 tab.
928 1913 957 1977 3.
998 1901 1156 1997 repertum
1178 1919 1226 1978 est
1253 1913 1287 1978 in

272 2027 378 2093 Gallie
400 2048 428 2092 s.
450 2026 535 2092 1866
559 2024 836 2110 (Heudebcuville‚
866 2027 1082 2112 depertement
1104 2027 1145 2093 de
1167 2028 1286 2111 l'Eure3

272 2164 301 2208 u.
319 2142 588 2227 comptes-rendus
605 2140 646 2208 de
662 2142 774 2208 l'aead.
792 2141 848 2208 des
866 2143 959 2209 inscr.
979 2144 1065 2209 1866
1088 2165 1119 2228 p.
1138 2143 1225 2225 389).
1243 2179 1288 2188 -

272 2260 338 2325 Vas
361 2258 522 2344 prostypis
546 2265 703 2324 ornatum:
732 2265 876 2342 quattuor
899 2259 931 2324 in
955 2280 992 2324 eo
1018 2259 1110 2324 fictae
1134 2265 1206 2324 sunt
1227 2261 1289 2324 lar-

274 2397 333 2441 uae
358 2381 493 2457 stantes,
524 2374 675 2440 bacchica
702 2381 847 2459 gerentes
874 2375 1028 2458 insignia,
1054 2395 1094 2440 ex
1121 2375 1232 2458 quibus
1255 2374 1289 2439 in

274 2491 381 2558 Wittei
408 2490 592 2576 apographo
616 2496 847 2574 cognoscuntur
873 2496 978 2574 guttus
1003 2496 1033 2555 et
1059 2496 1152 2556 serta.
1201 2491 1289 2573 quin·
1395 2499 1397 2508 “

275 2614 339 2672 tum
361 2608 464 2672 lecum
487 2606 579 2672 nauis
602 2607 634 2670 ni
654 2606 746 2671 fallor
769 2626 789 2670 a
808 2606 910 2671 fronte
925 2606 996 2671 uisa
1017 2613 1158 2690 occupat,
1186 2605 1291 2689 gradi-

275 2725 333 2788 bus
355 2721 541 2806 quibusdem
564 2721 720 2806 imposita.
757 2722 899 2806 superior
919 2721 1040 2787 uasculi
1061 2741 1119 2787 cre
1143 2721 1289 2806 personis

276 2846 396 2905 errata.

344 2948 422 3018 98*.
474 2953 585 3036 Onyx
630 2953 729 3018 musei
773 2952 966 3036 imperatorii
1003 2953 1292 3036 Petropolitani

278 3067 447 3153 (armoires
482 3067 521 3132 de
556 3067 707 3133 Neuwied
735 3068 773 3151 A,
797 3069 826 3150 3,
853 3063 927 3151 11);
965 3073 1032 3133 erat
1066 3067 1225 3150 quondam
1260 3068 1293 3132 in

280 3184 512 3270 dactyliothece
527 3184 759 3250 Casanovae.
789 3184 947 3268 Lippert
963 3184 1115 3268 supplem.
1128 3185 1161 3248 ΙΙ
1178 3204 1207 3247 n.
1226 3183 1291 3248 471

280 3299 324 3388 (p.
346 3303 409 3368 164
432 3296 527 3383 seq.)‚
558 3302 683 3385 Raspe
706 3303 721 3366 Ι
750 3301 885 3366 118227
914 3295 958 3384 (p.
976 3294 1065 3382 482).
1109 3299 1146 3364 ci.
1165 3298 1293 3365 Olfers

257 3501 260 3508 Ι
281 3440 311 3503 p.
330 3419 371 3482 37
395 3439 425 3482 n.
442 3418 470 3481 7.
508 3416 753 3500 Bcettigerus
769 3411 826 3500 (id.
843 3434 899 3480 zur
914 3414 1107 3500 kunstmyth.·
1121 3416 1153 3480 II
1168 3435 1200 3498 p.
1213 3407 1294 3496 497)

281 3555 437 3617 gemmam
466 3533 505 3598 ab
530 3533 651 3598 artifice
674 3533 797 3598 nouicie
826 3531 1001 3596 confectam
1028 3549 1100 3595 esse
1128 3549 1294 3615 perperam

282 3649 443 3714 iudicauit.
484 3681 528 3692 -
565 3648 671 3712 Larua
707 3652 795 3712 stans
834 3645 947 3711 dextre
983 3646 1106 3710 lancem
1143 3643 1295 3709 fructibus

283 3765 379 3830 uariis
406 3763 566 3845 refertam,
598 3763 725 3828 sinistre
748 3767 833 3826 serta
859 3761 1000 3826 sustinet.
1040 3766 1204 3846 praeterea
1228 3766 1296 3842 gut·

283 3888 349 3947 tum
371 3880 414 3946 ad
436 3878 535 3964 pedes
559 3879 667 3944 sceleti
690 3876 813 3943 eddidit
836 3876 958 3942 artiferr.
