2888 4590
709 341 752 406 36

220 547 236 556 ²
292 513 388 584 102*.
426 516 549 584 Sarda
571 537 651 582 mes
674 518 774 583 musei
796 516 876 600 regii
892 516 1165 582 Berolineusis
1189 511 1235 600 (in

116 641 120 648 .
222 633 378 700 addendis
412 633 455 698 ad
484 633 783 718 aposphragismate
816 654 835 697 a
863 651 972 696 museo
1003 632 1088 697 edita
1116 632 1237 696 numeri

223 755 299 814 note
316 750 380 815 256
404 748 529 833 signata
547 744 616 831 est).
642 750 833 814 —Laruae
860 747 942 812 duae
964 751 1084 813 'stantes
1108 747 1236 832 ampho-

220 885 350 948 ramque
379 885 528 947 magnam
556 865 634 929 ebrii
662 866 761 931 altera
789 870 1057 929 manutenentes.
1099 864 1188 928 larue
1216 884 1237 928 e

222 981 315 1046 laeua
338 986 446 1045 astans
470 981 598 1045 alterius
622 981 717 1069 capiti
741 999 890 1046 coronam
916 979 1055 1064 imponit.

291 1091 387 1161 103³&
413 1096 595 1179 Sigillum
611 1117 766 1163 aereum
781 1096 881 1160 musei
896 1095 1135 1178 Florentini,
1152 1093 1237 1178 quod

221 1233 241 1277 a
264 1212 434 1296 Spencio
458 1211 532 1275 olim
555 1211 588 1275 in
611 1213 767 1296 Polymeti
790 1207 866 1293 (teb.
883 1213 937 1294 41,
957 1207 989 1292 1)
1013 1211 1150 1295 pessime
1173 1210 1237 1276 edi-

220 1333 285 1391 tum
302 1327 537 1393 celeberrimam
553 1327 639 1393 illam
654 1327 813 1409 Lessingii
834 1346 904 1392 cum
922 1327 1047 1392 Klotzio
1068 1326 1109 1392 de
1126 1326 1236 1392 Mortis

221 1443 410 1526 imaginibus
429 1444 675 1509 controuersiam
686 1429 792 1509 mouit.
824 1449 1085 1508 enumerauerunt
1099 1443 1237 1527 sigillum

220 1558 252 1622 in
269 1560 455 1623 sceletorum
475 1559 631 1624 indicibus
649 1560 714 1625 suis
738 1580 808 1624 cum
832 1559 886 1624 alii
909 1565 973 1623 tum
990 1558 1121 1624 Olfers
1144 1580 1175 1643 p.
1193 1559 1235 1624 35

209 1694 250 1738 n.
269 1675 298 1739 3.
336 1675 496 1739 simulacri
518 1674 784 1759 photographiam
811 1696 905 1759 quam
928 1674 1036 1740 dicunt
1057 1674 1237 1740 faciendam

221 1790 342 1855 curauit
370 1789 517 1874 misitque
546 1791 622 1855 mihi
645 1791 679 1856 C.
696 1792 732 1856 Ε.
765 1791 948 1876 eLiphart.
999 1810 1063 1873 qua
1094 1791 1238 1875 inspecte

129 1920 131 1924 ·
219 1925 411 1990 magnopere
427 1907 522 1972 miror
536 1906 720 1972 Peohium
735 1902 823 1990 (bull.
838 1906 910 1974 dell
923 1907 994 1972 inst.
1011 1907 1096 1972 1843
1112 1927 1142 1991 p.
1159 1899 1236 1990 190)

221 2023 343 2086 laruam
366 2021 449 2086 hanc
472 2022 710 2107 suppositiciam
725 2023 882 2089 habuisse.
909 2058 950 2068 -
977 2024 1065 2088 Iacet
1079 2023 1169 2087 larue
1183 2042 1236 2106 pe·

221 2137 312 2202 dibus
328 2139 409 2202 inter
425 2158 459 2203 se
476 2138 654 2222 implicatis,
679 2140 770 2205 laeuo
787 2140 889 2205 cubito
913 2140 946 2205 in
963 2139 1117 2223 amphora
1139 2139 1236 2222 impo-

221 2253 291 2318 sito.
329 2253 477 2318 bracchia
493 2253 621 2338 desunt3
641 2261 785 2339 superest
800 2256 869 2320 sola
884 2276 996 2321 manus
1012 2257 1105 2320 laeua
1121 2253 1237 2338 quippe

220 2389 304 2451 quae
321 2369 493 2453 amphorae
517 2370 715 2454 adglutinata
737 2370 837 2436 fuerit.
878 2372 971 2456 spina
994 2370 1081 2436 dorsi
1102 2369 1212 2434 fracta.

289 2480 387 2550 104*.
431 2485 555 2550 Sarda
582 2479 725 2551 fe'mine
756 2487 857 2552 musei
884 2486 1076 2572 imperatorii
1105 2486 1237 2550 Petro-

177 2605 187 2614 '
221 2601 390 2684 politani
413 2595 578 2683 (armoires
602 2601 643 2667 de
666 2602 820 2667 Neuwied
843 2603 880 2686 Α)
899 2604 929 2686 3,
950 2598 1013 2685 12).
1051 2609 1119 2668 erat
1140 2620 1237 2685 quon·

221 2715 293 2780 dem
317 2716 349 2780 in
374 2716 607 2801 dactyliothece
622 2718 671 2783 St.
688 2718 851 2802 Moryee.
868 2754 911 2763 —
928 2720 965 2783 In
983 2718 1136 2803 amphora
1150 2717 1237 2801 humi

219 2832 341 2896 iacente
363 2833 453 2898 larua
480 2832 609 2916 insidet,
647 2832 760 2898 dextra
787 2833 938 2919 rhytium,
969 2836 1061 2901 laeua
1087 2834 1237 2918 patellam

218 2922 338 3013 tenens.

289 3057 387 3128 105*.
425 3063 534 3148 Onyx
566 3064 640 3128 olim
662 3063 802 3147 Nottii‚
832 3071 945 3149 postea
966 3065 1114 3130 Hertzii
1137 3059 1236 3148 (cata-

187 3201 189 3204 ·
221 3180 315 3261 logue
338 3179 375 3243 oi
392 3179 445 3244 the
467 3180 587 3268 collect.
604 3179 727 3245 formed
750 3180 792 3264 by
812 3181 848 3248 B.
865 3182 960 3246 Hertz
983 3201 1013 3265 p.
1034 3182 1073 3246 19
1098 3202 1127 3246 n.
1145 3175 1234 3263 352),

219 3315 302 3359 nunc
326 3294 608 3360 Rhodesianus.
650 3291 786 3378 (King:
817 3296 870 3361 the
894 3297 1042 3362 Gnostics
1070 3296 1135 3361 and
1157 3296 1238 3361 their
1351 3381 1354 3386 Ι

219 3411 355 3475 remeius
378 3432 408 3495 p.
431 3405 517 3493 157).
565 3411 864 3496 aposphragismate
885 3432 1028 3495 gemmae
1057 3417 1182 3478 exstant
1205 3412 1237 3476 in

218 3525 338 3590 maiore
354 3526 515 3591 Cadesii
531 3524 763 3611 dactyliothece
778 3521 834 3610 (51
853 3550 883 3593 n.
901 3523 977 3610 122)
995 3528 1069 3593 etin
1082 3527 1236 3593 delectu

218 3642 257 3705 ab
282 3641 366 3706 inst.
385 3641 486 3707 arch.
504 3640 587 3706 facto
610 3637 658 3726 (II
681 3664 710 3706 n.
728 3638 795 3725 58).
832 3643 902 3708 sine
918 3663 1016 3708 cause
1039 3643 1079 3708 de
1093 3663 1238 3727 gemmae

217 3756 403 3839 antiquitate
431 3756 585 3821 dubitauit
614 3757 743 3823 Oliers
772 3779 803 3842 p.
825 3758 868 3821 41
899 3780 928 3822 n.
955 3759 983 3822 7.
1013 3793 1056 3802 -
1085 3760 1192 3823 Larua
1220 3779 1238 3822 e

218 3876 340 3936 cratera
367 3894 484 3956 magna
507 3873 720 3957 superioribus
749 3873 890 3956 corporis
919 3873 1059 3957 partibus
1084 3873 1235 3957 eminens,
