2888 4590
756 319 801 384 50

273 495 437 579 diligentia
465 495 664 563 manifestum
693 502 741 562 est
769 515 863 578 quam
891 495 924 560 in
952 496 1051 561 oculis
1082 501 1212 578 argento
1240 493 1285 560 di·

273 611 468 694 stinguendis
491 611 663 694 formisque
686 632 726 676 ex
748 612 822 676 uiuo
845 610 1032 694 effingendis
1056 611 1206 693 adhibuit,
1228 609 1286 676 sed

273 728 367 792 etiam
400 747 439 792 ex
472 727 675 811 inscriptione
703 727 736 792 in
762 727 859 811 pallio
884 733 1015 792 exarata
1040 728 1147 810 colligi
1173 733 1284 812 potest

272 843 390 927 scripta
412 842 496 908 enim
519 848 591 908 sunt
612 842 708 908 haec:

636 951 924 1024 erAAmlAAc

663 1067 903 1155 netandae

272 1189 392 1254 scilicet
424 1183 602 1275 ἀνέθηκεν,
636 1189 720 1273 quod
749 1190 889 1273 intellegi
923 1189 1003 1255 bene
1035 1188 1155 1254 monuit
1182 1189 1286 1272 Long-

208 1283 210 1287 ¹
271 1305 383 1389 perier.
419 1305 508 1370 addit
524 1306 661 1389 sigillum
681 1325 719 1370 eo
736 1306 840 1370 animo
864 1325 936 1371 esse
951 1305 1075 1388 factum,
1098 1311 1132 1369 ut
1145 1305 1286 1388 Apollini

271 1421 323 1486 uel
352 1421 543 1505 Aesculapio
578 1421 723 1486 sanitatis
758 1421 919 1486 restitutae
948 1440 1047 1486 causa
1078 1419 1284 1485 dedicaretur.

270 1536 350 1601 haec
373 1537 479 1602 omnia
501 1537 568 1602 ueri
591 1537 751 1602 simillima
773 1557 844 1602 esse
867 1556 959 1601 nemo
982 1536 1119 1620 negabit,
1136 1537 1187 1601 uel
1203 1555 1285 1600 com-

270 1652 390 1735 paratis
420 1652 573 1717 sescentis
597 1652 710 1736 sigillis
734 1653 835 1717 aereis
858 1651 900 1716 ad
923 1657 1060 1717 montem
1083 1652 1284 1716 Falteronen-

272 1787 445 1833 semanno
472 1768 556 1832 1838
581 1767 715 1851 effossis,
741 1767 916 1850 dequibus
942 1767 1105 1832 admonuit
1127 1765 1285 1832 de-Witte

271 1902 342 1947 cum
373 1882 413 1947 de
441 1889 546 1948 statua
573 1889 683 1948 nostra
710 1889 826 1966 ageret.
871 1902 966 1947 unum
989 1882 1041 1948 bic
1063 1902 1222 1968 apponam
1245 1884 1285 1949 de

272 2018 335 2080 quo
359 1998 447 2063 Aem.
465 1999 571 2063 Braun
600 1999 649 2064 his
679 1999 744 2065 fere
773 1999 877 2064 uerbis
906 1997 986 2063 dixit
1013 1993 1101 2080 (hall.
1124 1999 1196 2064 dell'
1211 2003 1283 2064 dact.

275 2114 359 2178 1842
384 2135 413 2198 p.
434 2110 527 2197 179):
553 2115 584 2179 la
599 2115 710 2201 fiqura
733 2115 825 2179 d'ao
843 2136 989 2201 pecare
1013 2116 1129 2179 tisico
1151 2115 1285 2201 alquale

200 2193 210 2302 i
271 2241 391 2294 monera
413 2217 599 2317 aaa'pt'apa
621 2231 673 2295 acl
692 2242 778 2317 petto
802 2253 818 2295 c
840 2231 883 2294 da
906 2230 933 2294 la
945 2230 1058 2316 pambo
1081 2232 1261 2296 edemotcee.

270 2461 364 2546 phieo
393 2461 492 2528 fuisse
518 2463 711 2546 putabimus,
742 2482 824 2545 quae
853 2467 957 2527 autem
985 2467 1087 2526 utrum
1110 2481 1144 2527 rc
1166 2482 1285 2527 ueraa

271 2577 474 2642 celeberrimo
503 2578 558 2643 illo
586 2578 793 2662 Hippocrate,
823 2577 1015 2642 medicorum
1044 2577 1186 2661 principe
1193 2628 1201 2661 ,
1230 2577 1284 2642 do-

270 2698 345 2756 nata
373 2692 479 2774 fuerit,
508 2713 621 2776 neone,
651 2714 735 2759 nunc
763 2692 889 2775 quidem
912 2692 1087 2760 diiudicare
1109 2714 1172 2758 non
1195 2693 1282 2759 licet:

269 2806 391 2892 Phaylo
423 2813 506 2872 certe
534 2809 740 2892 antiquiorem
768 2808 867 2875 fuisse
899 2829 940 2874 ex
968 2809 1146 2896 Pausaniae
1177 2829 1284 2874 narra-

269 2923 572 3007 tiuncula-apparet.
610 2924 649 3016 de
672 2945 736 3007 qua
758 2946 792 2991 re
814 2945 855 2990 ne
878 2925 948 3008 quis
977 2924 1109 3009 dubitet,
1139 2925 1216 2990 talia
1244 2924 1284 2990 ab

270 3039 353 3104 illius
378 3039 490 3105 aetatis
511 3041 649 3106 moribus
673 3040 766 3106 nimis
789 3041 958 3106 abhorrere
980 3040 1133 3124 iudicans,
1157 3046 1285 3106 auctore

270 3155 374 3220 Plinio
409 3175 521 3220 moneo
553 3156 739 3239 Aristidem,
778 3156 893 3242 Phayli
926 3158 1105 3240 aequalem,
1141 3156 1284 3240 pinxisse

273 3293 403 3358 capram
425 3274 492 3336 eine
506 3272 574 3355 fiee
597 3273 761 3338 laudalmn
783 3268 827 3355 (n.
844 3273 874 3338 h.
892 3273 944 3338 lib.
963 3272 1015 3356 35,
1040 3272 1060 3349 ξ
1080 3267 1165 3354 100).

335 3504 475 3588 Pupnlas
499 3502 634 3586 denique
658 3503 730 3568 illas
747 3503 858 3570 fictiles
882 3523 1064 3586 osseasque,
1090 3503 1136 3568 sic
1159 3507 1284 3586 aptatas
1367 3515 1373 3522 ··

269 3626 303 3683 ut
324 3619 472 3684 articulos
488 3638 595 3683 earum
610 3619 642 3682 in
658 3639 781 3684 omnem
797 3626 918 3703 partem
933 3617 1060 3685 flectere
1075 3619 1178 3701 liceat,
1203 3637 1285 3700 quae

271 3733 541 3817 frequentissimae
558 3734 591 3799 in
608 3735 800 3800 Graecorum
816 3733 968 3818 sepulcris
990 3734 1197 3816 inueniuntur,
1223 3732 1285 3798 lar-

269 3870 326 3914 uas
349 3870 430 3932 esse,
455 3849 487 3913 id
504 3849 589 3942 quod
610 3851 713 3914 uisum
728 3856 776 3914 est
791 3848 1007 3933 Stephanio
1031 3845 1285 3936 (compa-,redu
