2888 4590
648 365 690 428 33

201 665 223 729 a)
238 661 396 718 LARVAE
415 660 607 718 Buccfllcls
625 662 832 718 PRAECIPVE
851 661 1057 718 INSIGNIBVS
1077 663 1139 717 ME·
1200 667 1203 676 '

561 758 776 815 MORABILES.

228 885 303 955 93’t
335 889 445 972 Onyx
468 889 754 972 Tcwnleyanus
779 885 945 972 quondam,
969 907 1052 953 nuno
1075 889 1174 954 musei

161 1005 389 1078 Britannici.
440 1004 609 1086 imaginem
632 1025 776 1088 gemmae
797 1024 908 1088 parum
930 1011 1076 1070 accurate
1098 1004 1174 1069 deli·

161 1127 286 1186 neatam
309 1111 408 1186 edidit
430 1119 614 1186 Christie:
640 1120 839 1203 disquisition
862 1140 947 1204 upon
970 1120 1022 1186 the
1045 1121 1175 1205 painted

162 1237 259 1321 greek
282 1255 375 1302 vases
393 1233 505 1315 (Lond.
526 1234 623 1317 1825)
647 1237 708 1301 tab.
724 1237 754 1302 6.
771 1277 813 1287 -
831 1237 992 1320 insculpta
1015 1244 1064 1302 est
1086 1238 1176 1301 larua

163 1357 250 1417 stans
275 1351 387 1417 dextra
409 1357 494 1416 serta
515 1357 641 1436 tenens3
666 1373 740 1417 nam
761 1354 877 1418 errauit
896 1352 1030 1418 Christie
1046 1353 1099 1436 qui
1114 1353 1175 1417 lar-

162 1488 235 1532 uam
251 1467 353 1552 pinxit
366 1467 542 1532 lanternam
557 1473 726 1552 gerentem,
750 1468 789 1534 de
805 1489 867 1551 quo
883 1488 988 1534 errore
1003 1468 1175 1553 aposphra-

161 1584 296 1666 gismate
318 1583 387 1647 uiso
410 1602 510 1666 nuper
533 1583 646 1648 certior
667 1583 768 1649 factus
793 1603 870 1650 sum.

229 1693 306 1763 94⁹⁶.
333 1698 499 1781 Gemma,
513 1698 727 1764 Londini'in
743 1700 865 1785 privato
878 1700 1015 1784 quodam
1026 1700 1175 1767 thesauro

163 1814 346 1898 adseruato,
381 1814 469 1879 cuius
484 1861 485 1864 ,
499 1815 667 1898 imaginem
700 1816 766 1880 sole
798 1815 955 1900 depictam
982 1816 1059 1881 mihi
1092 1817 1176 1882 misit

163 1931 315 1997 Duellius.
357 1936 533 2014 sumpserat
556 1950 595 1995 ex
618 1931 723 1996 libello
747 1931 884 2015 quodam
907 1932 960 2015 qui
982 1933 1174 1998 inscribitur:

165 2047 357 2132 „Catalogue
385 2044 477 2110 d’une
503 2046 690 2130 importante
721 2048 885 2113 collection
919 2047 1117 2132 d'antiquitds
1146 2054 1177 2113 et

163 2161 294 2246 d’obiets
330 2161 410 2227 d'art
442 2162 481 2227 de
515 2161 694 2227 differentes
727 2163 876 2246 dpoques.
935 2163 969 2228 O.
995 2163 1042 2229 de
1070 2165 1102 2230 S.
1124 2163 1173 2247 A„

166 2279 206 2342 12
234 2274 375 2342 Arundel
402 2278 461 2362 St,
499 2277 687 2362 PiccadiIly,
724 2280 846 2362 Regent
873 2279 998 2362 Circus,
1033 2278 1175 2344 Londres

163 2387 233 2460 W.“
260 2394 431 2458 -Larua
461 2400 548 2459 stans
576 2395 627 2458 uel
656 2394 761 2477 potius
787 2394 936 2476 gradiens
959 2397 1052 2460 laeua
1073 2395 1175 2460 faocm

164 2510 290 2575 breuem
320 2530 451 2592 eamque
480 2508 641 2574 ardentem
669 2510 762 2592 gerit,
794 2509 912 2576 dextris
942 2518 1045 2576 autern
1069 2532 1175 2577 umero

164 2645 322 2709 manuque
345 2626 489 2691 baculum
514 2625 653 2708 sustinet,
679 2645 719 2690 ex
742 2625 830 2691 ouius
852 2626 967 2691 finibus
988 2627 1063 2693 hino
1085 2628 1176 2712 lepus

161 2742 249 2806 illinc
273 2740 427 2825 amphora
451 2759 607 2825 suspensa
630 2747 711 2805 sunt.

205 2873 208 2878 '
230 2851 306 2922 95⁹⁶.
337 2856 551 2940 Sardonyx,
570 2856 623 2939 qui
644 2854 802 2940 quondam
817 2857 986 2922 Stoschii
1009 2858 1075 2941 fuit,
1093 2879 1176 2924 nunc

163 2979 267 3038 autem
296 2972 470 3037 Berolini
501 2978 642 3037 seruatur
671 2966 997 3055 (Winckclmannz
1027 2974 1174 3058 descript.

162 3108 193 3172 p.
216 3087 293 3152 517.
325 3109 355 3152 n.
380 3088 455 3152 241.
502 3088 692 3153 Toelken:
728 3089 902 3154 verucichn.
933 3092 971 3154 ol.
989 3091 1033 3154 VI
1062 3111 1092 3153 n.
1110 3091 1173 3154 201

162 3224 192 3287 p.
215 3197 304 3286 364).
353 3204 480 3286 Raspe
504 3204 520 3266 Ι
548 3223 578 3286 p.
600 3204 665 3268 482
696 3224 726 3267 n.
751 3205 847 3269 8229.
896 3205 1018 3270 Gades
1047 3205 1108 3269 nol.
1131 3205 1173 3268 51

163 3339 192 3383 n.
214 3320 286 3383 120.
329 3317 550 3383 delineandum
582 3319 702 3384 curauit
730 3319 859 3386 Olfers
891 3320 924 3384 in
946 3321 1008 3385 tab.
1027 3318 1097 3402 5‚4
1120 3315 1174 3403 (cf.

162 3454 193 3517 p.
207 3435 247 3498 37
265 3455 295 3498 n.
307 3431 350 3516 6).
365 3433 511 3499 —Idem
527 3439 575 3498 est
590 3441 815 3518 argumentum.
839 3436 929 3500 larua
943 3437 1053 3500 laeuo
1070 3457 1176 3501 umero

163 3549 309 3614 baculum
331 3549 450 3614 baiulat
473 3549 561 3614 ouius
585 3549 626 3614 ad
649 3556 812 3634 utrumque
828 3551 922 3616 finem
938 3551 1103 3616 rotundum
1120 3553 1176 3617 ali·

164 3664 239 3748 quid
269 3662 407 3729 adfixum
435 3664 567 3730 uidetur.
615 3665 754 3731 dextra
781 3666 883 3732 facem
910 3673 1006 3750 tenet,
1037 3686 1117 3750 quae
1146 3674 1177 3733 ct

164 3781 359 3846 Toelkenum
384 3786 414 3844 et
437 3779 606 3847 Olfersium
629 3780 717 3865 fugit.

230 3891 306 3962 96²².
339 3897 488 3962 Anulus
511 3903 719 3980 argenteus
735 3899 875 3963 Romae
891 3904 1042 3982 repertus,
1060 3897 1177 3965 ibidem

980 4000 998 4056 3
