2888 4590
726 276 795 338 ·10

545 647 719 711 cotidianae
735 538 824 712 drliddo
844 649 999 732 imagines.

638 805 666 868 a)
692 767 925 858 rnrnosornr‘

608 904 722 954 mortem
742 899 908 956 meditantes
915 903 945 968 ι1.

331 1023 400 1095 24*
422 1021 487 1112 (‘?).
521 1026 725 1114 Sardonyx
749 1029 888 1095 thesauri
903 1029 1134 1095 Vidoniani:
1153 1029 1284 1098 Gades

263 1146 325 1211 uol.
340 1145 383 1210 32
398 1167 429 1209 n.
443 1144 494 1209 83.
513 1145 784 1228 -Philosophus
808 1146 906 1230 pallio
929 1146 1110 1213 inferiorem
1135 1148 1282 1232 eorporis

263 1267 384 1346 partem
407 1267 532 1344 tegente
554 1261 684 1326 uestitus
708 1261 740 1326 in
764 1261 915 1328 cathedra
931 1263 1047 1329 sedens
1063 1264 1177 1329 librum
1193 1264 1282 1329 euol-

263 1378 316 1442 uit.
355 1377 398 1441 ad
420 1376 519 1460 pedes
543 1377 576 1440 in
600 1377 707 1441 serinii
731 1379 879 1461 operculo
904 1380 1070 1444 oonlooata
1093 1385 1141 1444 est
1164 1381 1282 1446 mortui

264 1492 413 1577 caluaria,
438 1513 536 1576 supra
559 1511 653 1575 qnam
676 1493 795 1576 papilio
818 1495 913 1558 uolat.

332 1604 408 1674 25⁹⁵.
444 1608 644 1694 Sardonyx
669 1608 711 1673 ad
732 1610 909 1694 exemplum
931 1608 1187 1676 Cadesianum
1209 1606 1280 1696 (32,

264 1719 321 1808 81)
344 1724 520 1791 delineatus
543 1725 576 1789 in
597 1725 805 1790 monumentis
822 1725 954 1791 instituti
969 1726 1203 1810 arohaeologioi
1218 1729 1280 1812 III,

263 1842 325 1906 tab.
344 1843 373 1925 7,
398 1841 425 1905 1.
462 1843 559 1906 Aem.
577 1840 702 1905 Brann
726 1835 848 1925 (annali
871 1841 942 1907 dell'
959 1843 1030 1908 inst.
1052 1844 1136 1909 1839
1153 1864 1183 1928 p.
1198 1841 1281 1928 209)

263 1957 340 2023 dioit
368 1977 438 2023 esse
467 1957 619 2042 principis
642 1957 864 2042 Poniatovski3
897 1964 929 2023 at
956 1959 989 2023 in
1012 1958 1117 2025 indiae
1138 1981 1281 2043 gemma·

263 2094 331 2139 rum
359 2073 699 2139 Poniatovskianarnm
733 2074 813 2139 haeo
847 2081 968 2139 tantum
1002 2075 1128 2141 inuenio
1157 2097 1187 2160 p.
1215 2077 1282 2141 104

263 2212 292 2255 n.
311 2191 369 2255 30:
397 2190 533 2274 „Platon
548 2191 661 2254 mddite
676 2212 733 2254 aar
748 2186 974 2256 l'immortalitd
986 2192 1027 2255 da
1043 2191 1140 2256 Fame.
1173 2192 1280 2279 Apol-

263 2310 385 2374 lonides
405 2329 553 2394 prooem.
596 2303 766 2371 Corneliae
789 2301 970 2391 orientale‚“
997 2327 1077 2390 quae
1101 2313 1184 2373 terte
1208 2328 1282 2374 oum

264 2425 463 2510 sardonyche
486 2430 593 2489 nostro
618 2443 681 2488 non
705 2429 889 2505 oongruunt.
915 2459 959 2467 —
988 2425 1098 2507 Imago
1122 2424 1283 2509 inscalpta

262 2563 407 2625 gemmae
430 2541 574 2626 proximo
597 2542 668 2607 loeo
692 2541 814 2625 positae
837 2534 909 2623 (26)
932 2540 1101 2606 simillima.

331 2653 408 2724 26⁹⁵.
446 2657 601 2722 Gemma
624 2658 751 2722 nitrea
774 2656 874 2721 musei
892 2655 971 2738 rogii
988 2655 1279 2741 Berolinensis3

263 2781 312 2840 est
339 2795 379 2839 ex
408 2773 605 2839 Stosehianis
633 2770 959 2857 (Winokelmannz
989 2771 1136 2856 descript.
1161 2791 1192 2855 p.
1212 2773 1280 2837 425

263 2892 301 2956 ol.
318 2891 363 2955 IV
380 2911 409 2954 n.
426 2890 498 2973 104,
523 2889 675 2955 lekon
698 2891 736 2954 ol.
750 2889 779 2954 V
795 2909 824 2952 n.
840 2889 879 2954 51
899 2908 932 2972 p.
947 2882 1035 2971 315).
1071 2887 1181 2952 Edidit
1194 2908 1281 2971 gem-

318 3145 338 3210 ¹)
363 3141 545 3214 Sardonyx
566 3141 801 3208 Vidonianus,
830 3155 911 3209 quem
939 3138 1194 3210 aposphragismats
1218 3141 1280 3198 Ga·

263 3239 407 3296 dasiano
427 3241 480 3309 (32,
500 3258 525 3295 n.
539 3241 585 3307 82)
605 3241 645 3296 usi
665 3238 810 3294 ediderunt
829 3237 919 3294 Aem.
934 3238 1049 3292 Brann
1069 3243 1201 3304 (monum.
1219 3237 1282 3295 dell’

263 3339 326 3394 inst.
341 3337 413 3392 aroh.
428 3338 467 3392 111
485 3336 541 3392 tab.
557 3339 582 3407 7,
601 3339 628 3402 3)
654 3342 683 3391 et
695 3337 846 3392 Weisser
869 3333 1036 3398 (bilderatlas
1055 3351 1104 3390 zur
1121 3336 1281 3405 weltgesoh.
1307 3377 1310 3380 -

263 3437 284 3506 l,
304 3438 319 3490 1
339 3435 395 3490 tab.
411 3435 444 3490 13
466 3452 492 3489 n.
508 3436 560 3505 15),
580 3434 622 3488 his
640 3434 807 3504 imaginibus
827 3432 970 3488 addendus
989 3437 1062 3502 erat,
1080 3433 1132 3488 nisi
1151 3438 1235 3503 oaput
1253 3435 1282 3490 in

262 3533 361 3589 sorinio
385 3533 504 3603 positum
529 3548 663 3603 personae
688 3532 781 3602 potius
807 3533 933 3587 scenicae
958 3532 1211 3600 quamanimae,
1237 3534 1283 3589 uel

263 3637 338 3686 eorte
364 3619 448 3702 oapiti
477 3631 605 3700 capillato
633 3631 747 3685 similius
774 3634 857 3684 esset.
894 3628 1000 3699 reliqua
1026 3643 1088 3685 oum
1114 3629 1284 3698 imaginibus

261 3730 362 3783 nostris
381 3728 523 3798 aptissime
536 3734 700 3798 congruunt,
718 3744 782 3784 narn
795 3742 830 3782 ne
842 3726 944 3798 papilio
957 3724 1066 3795 quidem
1081 3726 1170 3782 deest.
1198 3743 1285 3799 supra

262 3827 398 3897 inscalpta
416 3841 524 3882 oorona.
