2888 4590
649 281 690 351 12

232 467 284 531 29.
320 466 498 531 Lucerna
531 463 688 546 fictilis,
725 464 904 530 Lutetiae
939 466 1181 532 Parisiorum

163 583 197 647 in
211 601 320 647 museo
337 580 683 666 Oppermanniano
700 586 840 664 seruata3
865 581 953 647 cuius
969 582 1181 667 apographon

164 699 250 782 ligno
275 696 513 781 exprimendum
537 696 658 761 curauit
681 695 725 760 de
742 695 871 761 Witte:
897 698 1027 763 bulletin
1049 696 1106 763 des
1123 719 1181 763 an·

164 814 315 896 tiquaires
340 813 379 878 de
402 814 525 878 France
546 812 631 876 1870
654 832 685 894 p.
706 812 778 894 107,
804 812 857 894 qui
880 812 950 897 ipse
973 813 1012 878 de
1036 814 1180 898 imagun-

163 930 235 995 cula
262 930 410 1014 operculo
438 929 601 1012 impressa
622 934 706 992 recte
735 926 894 992 iudicauit.
925 964 969 972 —
997 929 1104 995 Fictus
1129 937 1181 996 est

161 1045 283 1112 iuuenis
307 1044 455 1110 imberbis
480 1045 512 1108 in
536 1043 616 1108 sella
631 1042 755 1125 sedena,
781 1044 874 1109 laeua
890 1045 1036 1110 uolumen
1052 1052 1175 1130 tenens,

162 1161 276 1230 dextra
302 1162 451 1227 sceletum
479 1180 556 1243 prae
579 1179 614 1224 se
638 1165 772 1223 stantem
797 1160 887 1242 quasi
911 1160 1095 1244 adloquere.
1144 1163 1180 1227 in

163 1279 227 1343 ima
249 1277 388 1360 imagine
411 1276 562 1342 infantem
585 1277 750 1359 paruulum
774 1275 971 1342 incunabulis
995 1277 1179 1360 colligatum

162 1394 359 1476 fasciolaque
382 1393 519 1457 uinctum
543 1391 666 1457 addidit
688 1391 811 1474 figulus.

230 1511 281 1574 30.
307 1511 381 1575 Vas
397 1509 525 1574 fictile
546 1504 610 1591 (7),
636 1507 753 1590 dequo
770 1508 904 1592 Maury
924 1506 974 1573 his
990 1506 1054 1572 fere
1070 1508 1178 1574 uerbis

161 1626 308 1710 exposuit
336 1621 444 1708 (revue
473 1623 609 1688 archeol.
627 1624 664 1706 V,
693 1623 708 1685 1
739 1644 768 1706 p.
788 1621 881 1702 297);
923 1621 1010 1706 „Sar
1036 1646 1080 1687 aa
1102 1647 1179 1689 case

162 1745 272 1807 tresel
295 1746 315 1804 ὰ
339 1742 371 1804 la
387 1738 469 1805 Casa
484 1739 671 1804 Bartolccci
692 1761 748 1802 ser
764 1739 795 1803 la
820 1739 880 1804 Via
898 1737 1028 1820 Saloca,
1054 1761 1095 1804 oa
1111 1743 1181 1806 coit

163 1859 195 1922 la
223 1869 306 1922 morl
332 1869 361 1922 et
389 1857 422 1920 lc
439 1858 500 1920 'cie
542 1854 588 1919 Le
611 1857 719 1918 cicant
742 1857 818 1919 tieat
840 1855 894 1918 eles
917 1853 1072 1934 tablettes,
1097 1861 1178 1942 pres

163 1975 201 2038 de
224 1973 272 2037 lei
293 1984 338 2037 est
359 1994 416 2037 sca
436 1974 545 2058 plaic,
571 1973 628 2056 qai
641 1971 719 2054 joae
743 1971 796 2034 des
820 1970 968 2048 crotoles5
991 1973 1106 2035 deccat
1129 1972 1180 2037 lai

82 2071 88 2078 ’
163 2101 207 2154 est
228 2112 272 2153 aa
290 2088 449 2175 pupillos.
487 2087 533 2152 Le
555 2100 638 2153 mort
660 2100 705 2152 est
726 2111 771 2150 aa
789 2108 992 2174 persoaacpe
1007 2088 1177 2172 declarari,

163 2206 195 2269 lc
218 2206 275 2270 tite
298 2205 424 2286 clause,
450 2204 533 2268 l'oeil
555 2204 703 2287 enfoacl3
731 2226 787 2267 soa
808 2205 900 2289 pecie
923 2215 968 2267 est
989 2205 1059 2268 celii
1081 2205 1179 2271 d'cne

162 2324 292 2406 lenique
315 2333 436 2397 coacta·
458 2321 485 2384 il
506 2342 649 2390 reccerse
672 2343 716 2383 aa
730 2318 891 2404 plumbeae
898 2344 909 2396 ,·
934 2320 1049 2384 deccat
1069 2321 1117 2384 lei
1132 2335 1181 2387 est

163 2439 333 2523 ipclemeal
354 2461 399 2502 aa
416 2429 599 2524 papilloa.“
636 2438 707 2502 Non
734 2436 849 2518 dubito,
875 2435 950 2518 quin
973 2436 1006 2500 in
1022 2437 1109 2502 miris
1125 2438 1178 2504 his

162 2555 266 2619 uerbis
290 2554 494 2638 agnoscenda
517 2553 557 2618 sit
581 2553 685 2636 imago
710 2552 890 2636 philosophi
912 2552 1046 2635 legentis
1068 2572 1178 2621 coram

163 2672 289 2735 sceleto.
326 2670 383 2735 sed
407 2668 447 2734 de
471 2668 531 2734 hac
555 2688 589 2734 rc
612 2668 674 2733 alio
697 2669 767 2734 loco
790 2669 941 2753 pluribus.

231 2787 282 2851 31.
313 2784 584 2869 Anaglyphum
609 2784 785 2868 sepulcrale
800 2785 985 2869 Smyrnae
1007 2790 1176 2869 repertum.

110 2923 120 2927 ·
163 2924 184 2967 a
204 2869 391 2987 Hochcpiid
424 2901 570 2987 „consule
593 2902 741 2965 ordinem
763 2900 935 2966 Foederati
955 2895 1087 2986 Belpii“
1115 2901 1179 2968 sibi

163 3019 312 3083 donatum
341 3019 372 3083 in
396 3018 563 3083 Batauiam
593 3017 721 3081 aduexit
744 3018 782 3081 H.
809 3017 847 3081 Η.
871 3038 933 3081 van
957 3015 1018 3081 den
1041 3016 1176 3103 Heuvcl,

163 3134 335 3217 obtulitque
350 3135 386 3198 R.
404 3135 444 3198 M.
462 3155 538 3200 van
556 3134 741 3215 Goensio3
767 3154 786 3197 a
810 3152 871 3215 quo
896 3132 1086 3198 delineatum
1109 3132 1176 3198 edi-

163 3257 304 3333 tumque·
312 3256 360 3315 est
383 3249 415 3314 in
438 3249 709 3315 obseruationibus
732 3249 943 3314 miscellaneis
959 3242 1111 3332 (Traiecti
1133 3249 1181 3344 ad

163 3365 305 3430 Rhenum
335 3386 362 3429 a.
385 3366 469 3430 1764
491 3386 522 3450 p.
540 3365 582 3432 66
599 3361 711 3449 seqq).
757 3366 876 3450 „altam
899 3378 943 3431 esl
959 3365 1094 3452 pollices
1117 3365 1176 3448 32,

162 3480 315 3565 inferiore
332 3493 428 3567 porte
443 3481 486 3548 17
505 3482 640 3567 pollices
664 3483 763 3547 letum
786 3496 815 3548 et
837 3482 1029 3567 daosfermc
1039 3479 1177 3567 pollices

163 3589 334 3661 crassum.“
372 3597 405 3661 in
426 3597 530 3662 medio
547 3597 640 3683 cippo
657 3599 766 3683 scripti
781 3599 813 3664 hi
829 3619 939 3665 uersus
954 3598 1067 3663 litteris
1086 3618 1177 3682 „pes-

163 3715 261 3777 simae
279 3711 447 3796 fabricae,
478 3735 558 3800 qaae
587 3714 731 3800 apicibus
761 3715 915 3798 deformes
943 3717 1049 3799 potius
1078 3735 1178 3797 qaam

163 3841 293 3894 ornatae
315 3822 427 3893 sent“:
