2888 4590
675 367 747 432 47.

190 566 224 611 re
247 542 469 611 offendendum
485 563 557 610 esse
579 544 664 626 quod
687 545 777 610 abest
799 564 856 609 ara
877 549 909 609 et
922 562 1019 627 posse
1035 540 1128 607 deum
1144 539 1204 606 deo

191 661 295 727 facere
324 659 418 724 facile
444 639 616 744 concedes,
646 661 698 725 uel
726 659 915 744 comparatis
945 658 1016 723 aliis
1040 655 1204 722 sacrificiis

191 776 348 842 bacchicis
383 795 464 858 quae
498 777 596 840 multa
630 775 789 859 congessit
823 773 1013 857 stephanius
1048 770 1203 858 (compte-

190 894 291 958 νουσα
313 915 346 978 p.
366 889 478 972 1868).

258 1008 315 1074 Oui
339 1007 474 1089 denique
497 1005 709 1090 displicebunt
731 1025 813 1088 quae
831 1004 871 1071 de
892 1003 1047 1070 sacrificio
1070 1001 1206 1067 disserui

192 1124 219 1189 is
247 1123 449 1218 rompheae,
450 1120 619 1200 i1nlieandi
647 1141 745 1187 causa
773 1120 882 1205 Priapi
915 1120 1115 1185 simulacrum
1150 1137 1204 1200 ap-

192 1239 309 1324 pictum
337 1258 409 1304 esse
437 1237 568 1320 iudicet,
606 1235 691 1320 quod
720 1236 905 1320 saepissime
934 1234 1049 1299 factum
1073 1253 1144 1298 esse
1171 1233 1204 1296 in

192 1354 460 1438 sarcophagorum
488 1353 678 1438 anaglyphis
706 1353 922 1437 parietumque
949 1349 1080 1434 picturis
1112 1367 1205 1413 nemo

191 1471 301 1536 nescit.

260 1700 400 1764 Alteram
428 1700 536 1764 laruae
564 1699 733 1783 imaginem
762 1695 1011 1781 deprehendisse
1034 1694 1095 1759 sibi
1117 1693 1204 1758 uisus

194 1823 248 1882 cst·
265 1814 408 1882 Olfers:
437 1815 530 1880 υυῦον
559 1817 611 1879 οῦν
636 1814 881 1899 υτονλτοῦνῦῦμοο
902 1811 982 1898 prob
1014 1809 1064 1875 oei
1084 1810 1206 1874 Korone

93 1977 96 1982 -
193 1953 224 2014 p.
242 1932 300 2014 34,
333 1929 405 1995 adn.
424 1931 453 1995 2.
493 1930 696 2014 Hippocratis
719 1930 801 1995 enim
826 1927 940 1993 medici
962 1925 1092 2009 donum,
1121 1922 1206 2007 quod

194 2046 329 2130 Delphis
360 2024 516 2110 seruatum
548 2065 619 2111 esse
648 2046 764 2110 scimus
793 2064 832 2109 ex
860 2042 1059 2108 Pausania
1086 2035 1157 2124 (lib.
1174 2039 1206 2102 X

195 2163 301 2246 caph
325 2155 402 2244 ξό),
427 2162 547 2226 laruam
571 2181 702 2228 aeneam
726 2161 824 2225 fuisse
847 2159 1008 2224 alnrnoto
1024 2157 1130 2239 aliquo
1154 2154 1207 2219 de-

196 2277 334 2342 dicatam
359 2275 528 2359 contendit,
553 2277 650 2342 allato
672 2277 759 2341 Festi
781 2275 975 2356 testimonio,
1000 2272 1088 2337 euius
1110 2270 1208 2335 uerba

194 2393 274 2458 haec
297 2398 382 2457 sunt:
414 2392 549 2470 tornati,
571 2391 714 2476 furiosi,
742 2402 842 2456 mente
862 2391 956 2470 moti,
986 2389 1080 2474 qenai
1106 2386 1207 2450 laonio

194 2509 343 2574 catenati.

263 2624 305 2688 At
327 2621 412 2688 unde
427 2622 487 2687 scit
507 2621 657 2686 artificem
673 2622 770 2705 sigilli
783 2621 931 2705 Delphici
946 2641 980 2686 re
996 2607 1072 2685 uera
1086 2620 1208 2683 laruam

196 2740 216 2804 i.
235 2759 261 2807 e.
279 2738 393 2803 mortui
408 2737 543 2803 εἴδωλον
558 2737 722 2802 caelasse?
745 2737 829 2803 unde
844 2738 927 2804 illius
943 2735 1054 2802 aetatis
1068 2735 1208 2800 Graecos

196 2855 340 2920 homines
363 2873 502 2935 unquam
525 2851 683 2936 δαίμονας
705 2873 780 2918 suos
803 2853 864 2918 isto
878 2852 986 2918 habitu
1001 2849 1152 2916 finxisse?
1175 2849 1208 2913 in

197 2969 377 3035 Pausaniae
405 2967 532 3052 quidem
560 2969 663 3034 uerbis
692 2969 770 3034 nihil
799 2975 883 3034 certe
913 2969 980 3032 eius
1007 2966 1094 3032 modi
1116 2966 1207 3030 inest.

198 3090 306 3151 narrat
329 3085 413 3150 enim
436 3083 591 3168 Phaylum
613 3084 861 3150 Phocaeensium
889 3083 1000 3148 ducem
1023 3080 1103 3166 ὄψιν
1126 3073 1209 3144 ὀνεί-

198 3223 293 3284 ρατος
310 3199 391 3265 ἰδεῖν
406 3198 545 3266 τοιάνδε.
586 3200 622 3266 έν
637 3211 702 3275 τοϊς
717 3194 909 3284 ἀναθήμασι
931 3200 987 3264 τοῦ
1003 3194 1210 3270 ’Λπόλλωνος
1311 3211 1312 3217 ’

196 3321 323 3401 μίμημα
346 3311 385 3399 ἦν
407 3316 547 3397 χαλκοῦν
576 3320 803 3400 χρονιωτέρου,
831 3312 1074 3399 κατερρυηκότος
1097 3335 1129 3376 το
1150 3309 1209 3397 ἤδη

197 3428 255 3506 τὰς
278 3429 399 3514 σάρκας
421 3431 475 3494 καὶ
498 3426 538 3493 τὰ
555 3424 632 3494 ὀστοῦ
647 3427 902 3514 ὑπολειπομένου
923 3428 1024 3513 μόνα·
1049 3423 1210 3512 ἀνάθημα

198 3545 234 3610 δὲ
257 3541 320 3612 ὑπὸ
343 3546 481 3630 Δελφῶν
498 3542 726 3628 Ἶτπτοκροὶτους
754 3546 877 3626 ἐλέγετο
904 3547 988 3611 εἶναι
1010 3545 1066 3609 τοῦ
1088 3545 1209 3624 ἰατροῦ.

199 3662 298 3748 τούτῳ
322 3657 361 3744 δὴ
383 3657 498 3726 ἑαυτὸν
520 3660 659 3726 ἐοικέναι
681 3662 724 3749 τῷ
741 3656 930 3746 ἀναθήματι
952 3658 1100 3738 ἔδοξευὸ
1117 3657 1210 3724 malj-
1295 3669 1307 3696 2

198 3778 269 3851 λος·
294 3771 406 3840 αῦτίκα
427 3775 463 3840 δὲ
486 3770 695 3859 ὑπολαβοῦσα
718 3771 816 3840 αῦτόν
839 3773 996 3864 φθοώδης
1019 3774 1113 3854 νόσος
1134 3774 1210 3843 ἒπε-

199 3894 280 3958 τέλκι
302 3891 358 3956 τοῦ
378 3891 531 3957 ἐνυπνίου
553 3889 608 3976 τὴν
629 3895 796 3976 μαντείαν.
