2888 4590
438 1233 633 1338 GAPVT
664 1231 845 1332 PRIVS
911 1339 914 1345 ,

63 1387 66 1394 ’
134 1419 221 1498 QVO
247 1418 360 1496 QVAE
385 1419 430 1484 IN
450 1416 578 1482 ARTIS
601 1415 821 1493 AN'PIQVAE
845 1411 1054 1480 OPERIBVS
1078 1411 1150 1474 EX-

134 1553 274 1618 STAN'P
305 1552 424 1635 OSSA,
462 1549 718 1631 ΟΑΙΝΑΒΙΑΕ,
756 1548 948 1629 SOELETI,
979 1545 1150 1610 LnRvAu

478 1681 808 1749 ENVMERANTVR.

564 1851 722 1860 ..-—-—-

627 2001 659 2066 Ι.

134 2121 245 2184 sceleti
264 2122 389 2185 humani
408 2125 512 2201 parter
533 2138 611 2202 quae
631 2120 664 2182 iu
679 2138 766 2202 uuum
780 2119 961 2182 medicorum
975 2119 1151 2196 exsculptae

553 2227 696 2290 uidentur
704 2231 732 2300 ¹).

204 2385 253 2447 1.
273 2384 428 2449 Thorax
458 2404 651 2449 marmoreus
682 2384 714 2448 in
743 2404 852 2448 museo
875 2382 1060 2449 Vaticano
1095 2380 1150 2446 ad·

135 2503 280 2562 seruatus
302 2493 369 2581 (alt.
386 2501 418 2582 0,
434 2501 454 2562 3
470 2495 535 2581 m),
562 2499 649 2563 euius
674 2497 843 2582 imaginem
866 2499 951 2581 ligno
975 2498 1150 2581 exprimen-

135 2611 212 2676 dam
242 2614 363 2677 curauit
389 2617 477 2677 Aem.
496 2615 637 2678 Braun:
665 2615 739 2678 bull.
757 2613 828 2679 dell'
845 2614 915 2678 inat.
936 2614 1022 2678 1844
1048 2635 1078 2697 p.
1098 2615 1148 2678 18.

135 2727 174 2793 es.
203 2726 377 2792 eiusdem
404 2728 515 2792 ruinen
546 2748 575 2793 u.
601 2749 681 2793 mua.
708 2731 805 2794 Roma
832 2750 861 2812 p.
883 2730 964 2812 3413
998 2730 1033 2793 Ε.
1057 2729 1149 2794 Ger-

136 2842 245 2908 hard:
265 2843 370 2908 besuh.
385 2845 482 2908 Romu
494 2845 535 2927 ΙΙ,
551 2846 570 2908 2
587 2866 619 2928 p.
635 2845 696 2910 187
713 2866 742 2909 n.
758 2846 817 2927 363
835 2845 1026 2911 Weluker:
1043 2845 1150 2910 kleine

206 3081 227 3144 ι)
247 3079 360 3149 Antiqui
379 3080 469 3150 operis
488 3080 678 3135 caluariam
699 3095 878 3135 marmoream
892 3093 1008 3148 eamque
1021 3096 1149 3150 magnam

134 3176 162 3231 in
174 3191 270 3231 museo
283 3176 485 3232 Britannico
499 3183 608 3233 exstare
621 3193 655 3232 ex
665 3179 764 3233 Matzio
778 3177 927 3246 audieram,
941 3177 1068 3246 idemque
1078 3178 1150 3232 Mur·

133 3275 193 3346 rayi
212 3273 357 3344 epistulam
377 3290 484 3330 meeum
504 3277 762 3345 communicauerat,
782 3275 829 3345 qui
848 3276 920 3330 illam
940 3283 982 3344 „ra
999 3275 1040 3328 tue
1056 3275 1149 3329 Grotto

133 3376 167 3446 of
182 3373 300 3426 Tiberine
324 3363 354 3427 αι’
371 3373 469 3445 οαρνι·“
495 3377 631 3443 repertam
655 3389 716 3428 esse
735 3371 929 3428 adfirmauerut
953 3371 1150 3440 addideratque

133 3469 214 3525 haee:
230 3459 266 3540 '„l
282 3470 345 3524 duee
357 3471 445 3536 heard,
465 3473 520 3526 thau
533 3493 550 3524 a
562 3472 704 3526 back-bone
717 3476 750 3540 eff
756 3473 850 3525 human
863 3472 936 3543 beiny
949 3474 1003 3526 ulau
1017 3479 1043 3524 in
1055 3472 1151 3524 nrarble

133 3585 189 3622 wau
198 3568 289 3638 found
305 3568 369 3620 werlu
389 3574 423 3622 u.-
442 3568 486 3622 bue
503 3569 587 3623 tudere
606 3577 626 3623 iu
645 3578 667 3624 r‘a
686 3589 750 3634 nour,
770 3569 787 3622 Ι
797 3571 829 3624 do
847 3576 890 3623 not
902 3569 1002 3623 lcnow“.
1029 3573 1058 3622 at
1075 3574 1150 3638 post·

133 3679 216 3733 quam
241 3664 396 3733 exemplum
421 3665 558 3720 caluariae
582 3682 672 3738 gypso
703 3680 862 3736 expressum
888 3667 1077 3736 Londinioque
1103 3666 1150 3721 ad·

136 3765 247 3815 uectum
266 3761 374 3830 inspexi
392 3761 473 3817 ualde
498 3762 608 3834 dubito,
633 3781 696 3819 num
723 3779 838 3818 reuera
862 3763 1027 3833 abantiquo
1047 3761 1150 3818 artifice

135 3858 279 3928 exsculpta
306 3858 356 3913 sit:
388 3863 495 3914 tantum
530 3860 565 3915 ab
595 3863 768 3932 antiquorum
802 3862 829 3915 in
858 3861 985 3916 ualuariiu
1014 3860 1150 3931 fingendis

135 3956 273 4026 imperitia
291 3955 513 4025 negligentiaque
533 3957 679 4013 abhorrere
698 3959 814 4014 uidetur.

920 4049 936 4102 1
1070 4108 1071 4111 ,
