2888 4590
661 349 703 413 51

174 525 317 610 01863
339 545 370 608 p.
389 525 453 590 249
477 526 509 589 in
525 525 630 591 adnot.
648 521 692 609 3),
717 524 991 591 001010101101101
1010 527 1102 592 facile
1118 549 1188 612 pro-

108 613 123 702 ‘t
178 640 273 706 babit
314 640 390 705 mihi
418 640 545 724 quidem
573 647 658 706 recte
690 641 730 708 de
756 662 795 707 ea
817 661 850 708 re
879 641 1037 708 iudicasse
1067 643 1190 709 uidetur

177 756 402 839 Michaelis,
443 755 497 839 qui
535 775 604 821 cum
648 777 749 840 nuper
786 755 827 821 dc
861 757 954 840 pupis
988 757 1050 822 illis
1090 757 1189 824 dissc-

178 877 274 955 reret,
303 871 382 937 nihil
409 872 505 955 plunc
533 872 718 947 οκε1ετῶδες
746 872 778 935 10
807 871 870 936 11110
899 873 1004 938 100000
1031 873 1192 939 contendit

179 982 356 1073 (00011019.
377 986 460 1052 1871
485 1007 516 1070 p.
537 981 623 1069 140).
660 993 743 1052 certe
764 987 847 1052 enim
863 987 1028 1071 plurimum
1044 987 1192 1054 differunt

180 1123 201 1168 a
222 1103 305 1187 turpi
328 1108 359 1168 et
381 1102 523 1167 horribili
548 1101 650 1168 forma
673 1101 733 1166 diri
757 1100 922 1168 cadaueris
945 1104 1108 1186 macieque
1131 1105 1190 1168 lar-

89 1259 92 1266 <
178 1218 244 1284 uali
267 1238 400 1302 corpora
423 1217 479 1282 illa
501 1218 569 1282 suoi
592 1237 631 1282 ac
654 1218 817 1302 sanguinis
841 1219 944 1302 plena.

245 1448 295 1512 Idx
317 1447 356 1513 iis
379 1447 482 1538 igitur
496 1448 572 1513 artis
595 1447 742 1531 operibus
765 1466 847 1530 quae
868 1448 920 1513 uel
943 1448 1016 1532 ipsa
1038 1447 1190 1514 habemus

178 1564 230 1629 uel
252 1583 384 1646 quorum
406 1563 558 1628 memoria
580 1562 687 1645 aliqua
709 1569 821 1646 exstat,
847 1564 1096 1647 scriptorumque
1111 1583 1190 1646 quos

179 1679 324 1744 nouimus
347 1679 426 1744 locis
449 1678 510 1744 hoc
534 1677 616 1743 effici
637 1677 762 1742 uidetur
784 1679 995 1761 antiquiorum
1017 1685 1192 1763 temporum

180 1795 319 1860 Graecos
332 1792 475 1860 homines
487 1793 538 1859 uel
550 1799 633 1858 certe
645 1793 783 1858 artifices
795 1799 987 1859 mortuonrm
999 1795 1112 1860 animis
1125 1814 1192 1860 sce·

178 1911 311 1974 lotorum
331 1909 479 1992 speciem,
500 1909 671 1974 uiuentium
695 1909 786 1992 quasi
809 1929 847 1975 ac
869 1910 1067 1975 sentientium
1089 1916 1191 1975 motus

147 2027 158 2090 i
178 2030 348 2108 gestusque
371 2024 568 2108 imitantium,
591 2043 790 2107 nequaquem
812 2023 962 2091 induisse.
1003 2023 1089 2108 quod
1111 2045 1192 2109 pace

179 2159 287 2206 eorum
321 2138 555 2205 adfirmauen‘m
587 2140 700 2222 quibus
733 2141 932 2224 prosperiore
966 2140 1092 2205 fortuna
1125 2140 1191 2205 usis

178 2256 333 2338 nouisque
356 2275 437 2338 quae
460 2275 510 2321 me
533 2254 678 2339 fugerunt
700 2255 886 2320 testimoniis
911 2256 1015 2321 allatis
1035 2255 1190 2321 Graecam
1224 2345 1229 2351 ·

178 2371 314 2438 sortasse
336 2373 458 2436 laruam
481 2371 623 2436 Romano
646 2371 778 2455 imperio
802 2371 995 2455 superiorem
1018 2371 1191 2455 deprehen·

179 2487 255 2553 dere
277 2487 446 2570 continget

247 2604 296 2670 Ea
311 2623 362 2670 res
385 2609 550 2685 utcumque
574 2622 609 2667 sc
630 2601 733 2685 habet,
757 2622 849 2667 nemo
872 2601 933 2667 hoc
956 2621 1080 2684 qnoque
1103 2601 1192 2684 sequi

179 2720 301 2805 putabit
317 2720 458 2785 Graecos
480 2718 552 2783 illos
574 2738 615 2783 ne
639 2737 730 2783 ossa
752 2716 877 2800 quidem
902 2717 1040 2783 humana
1061 2716 1193 2782 finxisse

180 2835 331 2918 artifices,
362 2833 480 2917 quippe
509 2852 579 2898 cum
607 2833 671 2898 iam
694 2833 895 2898 Aristotelem
922 2832 962 2898 de
989 2832 1192 2916 popularibus

181 2951 246 3016 suis
270 2949 438 3034 scripsisse
458 2948 623 3014 uideamus
646 2944 746 3032 (Poe't.
764 2969 833 3032 cap.
851 2943 899 3030 4):
925 2947 947 3013 ἃ
966 2946 1029 3032 γὰρ
1046 2948 1193 3032 λυπηρῶς

181 3061 325 3149 ὁρῶμεν,
352 3063 471 3130 τούτων
499 3061 555 3139 τὰς
578 3063 704 3140 εἰκόνας
731 3061 788 3138 τὰς
809 3062 949 3148 μάλιστα
976 3058 1193 3146 quanqum

180 3185 333 3264 χαίρομεν
356 3180 567 3264 θεωροῦντες,
591 3179 659 3245 otor
682 3183 807 3265 θηρίων
830 3202 862 3244 τε
884 3175 1015 3264 μορφὰς
1037 3179 1100 3244 τῶν
1123 3173 1193 3242 ἀτι-

179 3295 327 3380 μοτάτων
349 3296 404 3360 καὶ
426 3295 557 3380 νεκρῶν.

246 3412 296 3477 Ab
330 3411 391 3476 hac
425 3417 529 3476 autem
562 3411 746 3494 quaestione
784 3407 996 3493 persoluenda
1029 3413 1193 3491 poetarum

180 3527 360 3594 testimonia
375 3525 553 3592 amonendo
567 3546 639 3592 esse
654 3531 800 3610 apparet:
825 3525 919 3607 longe
942 3523 1025 3588 enim
1049 3521 1192 3588 diuersas

180 3663 252 3709 esse
274 3642 417 3726 potticae
440 3642 516 3707 artis
539 3643 627 3726 leges
651 3662 672 3707 a
693 3639 833 3724 fingendi
853 3636 1069 3724 pingendique
1083 3658 1194 3703 norma

180 3759 262 3825 inter
284 3777 393 3823 omnes
416 3763 548 3823 constat.
589 3777 663 3822 nam
690 3763 725 3822 ut
752 3755 916 3821 notissimo
939 3754 1084 3837 exemplo
1106 3757 1189 3817 uter:

180 3895 255 3940 num
277 3874 376 3938 ullum
391 3873 543 3938 artificem
558 3873 687 3938 Homeri
703 3891 813 3938 uersus
828 3871 994 3955 ignorasse
1015 3867 1192 3951 putabimus

989 3969 1008 4025 4
1015 3971 1034 4006 θ
