2888 4590
648 271 666 334 l

220 448 270 513 16.
299 447 526 532 Anaglyphi
542 446 760 532 fragmentum,
780 449 864 533 quod
879 456 947 516 erat
961 449 994 515 in
1009 448 1168 534 neophoro

151 564 306 629 exteriore
333 562 469 646 sepulcri
496 563 537 628 ad
564 565 648 628 uiam
671 564 853 632 Asinariam
876 571 965 631 extra
988 571 1112 651 portam
1135 566 1167 631 S.

152 679 285 746 Joannis
320 679 483 764 Baptistae
518 681 692 748 Romanam
735 683 802 765 siti;
842 690 955 766 postea
991 683 1024 747 in
1060 702 1169 748 museo

152 794 325 861 Victorio
359 796 551 860 seruabatur.
597 794 696 862 edidit
729 797 1171 881 a.172713artolus:gli
1262 791 1263 794 ’

153 911 270 976 antichi
300 911 436 994 sepulcri
474 912 536 976 tab.
562 911 621 996 573
661 914 852 997 repetierunt
885 915 1092 999 apographon
1121 913 1171 988 de

154 1027 429 1093 Hancarville:
458 1027 642 1094 recherches
667 1049 720 1094 sur
744 1030 884 1112 l’originc
908 1030 964 1096 des
989 1036 1053 1095 arts
1077 1030 1172 1095 dela

154 1142 259 1208 Grece
281 1143 298 1206 Ι
325 1142 387 1207 tab.
406 1143 458 1209 25.
504 1144 702 1229 supplement
730 1167 791 1210 aux
821 1146 1007 1212 recherches
1036 1145 1098 1210 tab.
1119 1145 1168 1210 18.

153 1258 354 1324 Wieseler:
379 1258 464 1324 dhm.
486 1259 515 1324 d.
536 1262 588 1343 alt.
603 1261 700 1327 kunst
715 1263 747 1327 Il
769 1263 831 1328 tab.
851 1264 893 1327 69
917 1284 946 1327 n.
965 1263 1039 1328 872.
1076 1261 1114 1326 cs.
1132 1260 1168 1327 0.

153 1375 272 1441 Jahn:
303 1375 366 1440 ber.
392 1376 421 1439 d.
446 1376 549 1441 sticho.
572 1397 638 1460 ges.
662 1377 718 1444 der·
739 1379 834 1444 Wiss.
861 1379 945 1444 1849
975 1400 1005 1462 p.
1026 1379 1098 1443 168.
1128 1409 1170 1418 ·-

153 1491 307 1556 Fluminis
337 1491 451 1557 inferni
481 1513 596 1559 numen
626 1494 814 1578 insculptum
845 1501 892 1560 est
921 1494 963 1559 ad
987 1513 1095 1577 rupem
1124 1512 1171 1558 se·

155 1606 243 1690 dens,
269 1606 302 1671 in
326 1607 413 1673 cuius
437 1614 527 1693 parte
551 1609 712 1694 superiore
736 1611 819 1677 iacet
841 1611 989 1677 caluaria.

308 1917 310 1924 γ
520 1840 544 1901 e)
562 1835 806 1894 PROMETHEVS

357 1932 458 1988 ossium
478 1932 595 1988 hominis
614 1937 804 2005 compaginem
822 1933 969 2005 fingens1).

227 2063 299 2133 17²⁸.
347 2069 617 2138 Leucachates
656 2074 756 2139 musei
784 2071 1170 2162 Thorvaldseniani:

154 2183 334 2267 Mueller,
370 2207 448 2252 mus.
471 2187 586 2254 Thorv.
612 2191 725 2256 sect3
757 2211 787 2275 p.
814 2190 854 2254 21
889 2211 920 2254 n.
944 2188 995 2254 85.
1026 2223 1070 2232 -
1097 2189 1172 2252 Pro-

158 2301 301 2366 metheus
325 2300 489 2368 inferiores
505 2306 646 2389 corporis
661 2312 768 2389 partes
784 2307 881 2389 pallio
899 2304 1029 2370 amictus
1045 2304 1078 2367 in
1095 2303 1174 2368 sella

232 2553 254 2613 ¹)
274 2549 408 2616 Quattuor
431 2563 555 2616 gemmas
573 2548 765 2604 Prometheum
792 2563 853 2602 cunr
878 2548 980 2602 sceleto
1003 2544 1173 2614 exhibentes,

159 2647 223 2717 quia
248 2646 405 2718 suppositas
429 2660 490 2700 esse
515 2644 619 2715 iudico,
645 2625 790 2716 propterca
814 2645 848 2700 ah
868 2643 920 2700 hoc
938 2644 1026 2698 indice
1045 2657 1173 2698 amouen-

159 2745 333 2800 descensui.
362 2750 426 2799 sunt
445 2748 537 2799 autem
555 2742 620 2798 hae:
982 2799 984 2802 ,

230 2846 258 2909 a)
286 2840 394 2898 Sarda
417 2839 558 2909 femina,
582 2835 664 2909 quam
690 2840 718 2894 iu
736 2855 831 2895 museo
850 2838 1087 2909 Neapolitano
1112 2852 1173 2892 esse

160 2940 230 2996 dixit
247 2941 394 3011 Lippcrt
412 2938 597 3008 (supplement
615 2938 684 2993 1776
703 2955 730 3008 p.
746 2939 805 2992 131.
833 2938 858 2992 lI
877 2954 904 2992 u.
918 2938 994 3006 150),
1019 2936 1066 3006 qui
1084 2950 1174 3006 gypso

105 3036 107 3038 ’
160 3039 310 3111 expressit3
337 3038 365 3092 in
396 3035 660 3108 aposphragismatis
685 3035 843 3090 Tassicanis
868 3034 1040 3090 enumcrauit
1062 3034 1174 3103 Ruspe

160 3139 186 3193 ll
204 3155 231 3193 n.
244 3137 323 3192 8560.
360 3135 479 3205 imagine
498 3149 624 3204 gemmae
649 3148 712 3188 aere
730 3148 862 3203 expressa
879 3131 1116 3188 Blumenhach
1135 3131 1174 3185 in·

161 3235 249 3290 dicem
269 3233 329 3288 lihri
349 3233 391 3288 sui
411 3232 563 3288 ornandum
583 3231 690 3286 curauit
708 3231 754 3300 qui
767 3229 937 3285 inscribitur:
955 3228 1114 3299 geschichte
1126 3227 1175 3282 der

160 3332 296 3390 kncchen.
319 3329 354 3386 cf.
364 3330 385 3386 0
394 3329 477 3386 ltere
496 3347 522 3400 p.
533 3330 576 3398 to,
587 3331 612 3384 2.
627 3359 658 3368 -
673 3329 842 3384 Recentioris
855 3325 966 3382 artificis
979 3324 1174 3381 manufactam

161 3446 222 3487 esse
240 3430 295 3485 iam
315 3429 384 3484 uidit
403 3429 608 3497 Boettiger:
634 3425 715 3481 ideen
739 3442 787 3480 aur
804 3424 1004 3496 hunstmythol.
1023 3423 1049 3477 ll
1067 3440 1093 3493 p.
1106 3425 1174 3494 4993

162 3529 235 3597 quod
262 3529 334 3583 clare
359 3531 488 3597 apparet,
514 3541 575 3580 cum
599 3529 742 3580 teneamus
765 3524 943 3595 archetypum
968 3536 1023 3592 quo
1047 3536 1115 3576 usus
1132 3525 1176 3576 est

163 3630 199 3691 (n.
212 3628 268 3692 23).

234 3724 260 3790 ὁ)
280 3721 466 3791 Gemmam,
485 3736 566 3791 quam
586 3719 672 3776 edidit
685 3719 795 3776 Gades
814 3719 868 3788 (16,
881 3719 926 3783 37)
938 3716 1054 3773 omissis
1066 3731 1175 3787 posses·

163 3821 232 3876 soris
254 3820 408 3890 lapidisque
432 3818 586 3890 uocabulis,
611 3819 656 3875 uel
680 3833 715 3874 cx
739 3833 772 3874 eo
797 3817 978 3874 adulterinam
996 3829 1058 3872 esse
1076 3815 1174 3885 elucet,
