2888 4590
773 344 816 407 46

287 521 446 607 pinxerint
468 527 500 586 et
522 507 674 586 finxerint
691 521 829 586 artifices
853 521 973 604 antiqui
994 540 1057 585 non
1079 526 1126 605 est
1149 519 1233 602 quod
1248 519 1305 582 mi-

288 659 405 703 remur:
431 657 547 702 causae
570 637 652 702 enim
676 637 721 700 ita
737 642 809 700 sunt
832 637 862 701 in
887 645 1042 720 promptu,
1067 643 1100 701 ut
1123 656 1173 700 res
1198 634 1305 718 dispu-

288 755 406 820 tatione
440 773 503 818 non
539 759 639 836 egeat.
692 759 790 818 restat
816 759 851 817 ut
878 753 1097 837 explanemus,
1133 751 1209 834 quid
1245 751 1306 815 sihi

287 871 363 936 uelit
385 869 540 934 Paniscus
563 888 661 952 porco
685 875 803 934 uectus.

354 984 550 1051 Sacrificium
581 1003 695 1067 parare
719 984 809 1048 Pana
838 1004 856 1048 e
885 984 995 1068 patina
1022 984 1176 1065 rebusque
1205 982 1238 1046 in
1267 1002 1307 1046 ea

287 1101 400 1186 positis
424 1105 571 1185 apparet3
597 1098 709 1164 dextra
732 1106 836 1164 autem
861 1105 915 1164 aut
929 1100 1078 1183 Priapum
1100 1098 1234 1180 adorari,
1253 1104 1307 1162 aut

289 1217 397 1281 librari
426 1234 541 1299 corpus
568 1215 739 1297 equitantis
762 1222 917 1300 putamus.
955 1214 995 1279 ad
1023 1214 1208 1280 sacrificium
1235 1234 1307 1297 per-

287 1333 387 1397 tinere
410 1332 544 1396 arbitror
566 1331 661 1396 etiam
684 1331 802 1414 uittam,
828 1351 922 1414 quam
937 1336 1022 1415 puto,
1043 1331 1076 1395 in
1093 1350 1214 1396 summa
1228 1329 1306 1393 ima-

288 1449 362 1532 gine
385 1447 546 1532 appietam
569 1443 770 1532 (margaritas
794 1467 865 1512 esse
888 1448 1030 1512 uoluerat
1052 1445 1243 1530 Stephanius
1270 1445 1306 1509 li-

288 1584 348 1629 neo
372 1563 522 1629 insertas:
548 1584 611 1629 non
628 1569 720 1644 recte,
738 1563 771 1627 ni
786 1555 900 1644 fallor).
936 1563 1055 1646 pariter
1076 1561 1137 1626 huo
1161 1565 1307 1644 spectare

288 1679 434 1744 uidentur
463 1698 545 1761 quae
574 1679 606 1743 in
634 1678 809 1763 posteriore
837 1679 959 1744 uasculi
987 1683 1076 1763 parte
1104 1660 1198 1762 picta
1215 1682 1304 1742 sunt:

289 1815 414 1877 corona,
441 1796 606 1877 uerbenae,
635 1794 753 1860 fasciae
777 1815 874 1879 supra
897 1815 983 1860 suem
1008 1793 1143 1859 afronte
1166 1792 1306 1858 delinea-

288 1918 353 1976 tum
376 1909 556 1995 pendentia.
598 1931 718 1994 angues
743 1918 865 1994 contra,
897 1931 976 1993 quos
1000 1909 1190 1994 Stephanius
1215 1907 1304 1990 dixit,

290 2047 463 2112 cygnorum
493 2027 561 2092 sine
584 2025 679 2091 dubio
708 2027 789 2092 colla
816 2032 902 2108 sunt,
932 2046 1013 2109 quae
1042 2025 1083 2091 ad
1113 2025 1307 2110 picturarum

290 2150 475 2227 argumenta
497 2163 561 2207 non
584 2143 748 2226 pertinere,
775 2141 831 2207 sed
855 2163 894 2208 ex
910 2162 1056 2207 ansarum
1081 2140 1166 2226 apud
1181 2146 1306 2206 ueteres

289 2258 501 2324 ornandorum
530 2277 617 2323 more
646 2256 882 2342 interpretenda
910 2278 982 2323 esse
1009 2266 1050 2323 ex
1073 2256 1213 2322 eiusdem
1237 2257 1306 2322 Ste-

290 2374 398 2459 phanii
415 2374 454 2439 de
471 2373 626 2439 cheniscis
644 2372 855 2458 disputatione
870 2373 1071 2439 manifestum
1087 2380 1135 2438 est
1154 2369 1306 2459 (compte-

288 2469 443 2576 raa'p.
462 2488 551 2556 rsea
573 2509 603 2573 p.
621 2484 688 2572 49).

357 2606 446 2688 Sues,
463 2625 560 2689 pecus
577 2611 608 2670 et
622 2605 813 2670 Bacchicum
830 2599 1049 2688 (Stephanium
1067 2605 1306 2691 compte-reoda

286 2745 321 2808 p.
336 2721 434 2803 1863,
451 2742 481 2805 p.
496 2721 561 2786 246
574 2715 678 2804 seqq.)
700 2726 731 2785 et
750 2719 1017 2804 fecundissimum,
1033 2719 1148 2808 ἑταίρῳ
1161 2724 1306 2801 Βακχίου

290 2838 408 2921 Priapo
432 2836 626 2901 sacrificatos
650 2855 721 2901 esse
745 2837 773 2900 si
788 2836 858 2918 quis
878 2838 947 2902 sola
962 2837 1142 2903 coniectura
1158 2843 1304 2920 sumeret,

290 2972 396 3035 nemo,
426 2959 460 3017 ut
488 2961 577 3036 puto,
607 2951 844 3017 contradiceret.
888 2952 945 3018 sed
968 2959 1077 3038 aperto
1099 2953 1306 3036 Priapeorum

291 3069 463 3134 carminum
486 3069 663 3134 testimonio
688 3069 731 3132 uti
755 3068 827 3134 licet
849 3063 953 3152 (65,1
980 3065 1075 3152 seq.):

405 3183 470 3247 Hic
492 3183 561 3264 tibi,
587 3186 644 3269 qui
664 3195 767 3250 rostro
791 3188 959 3250 crescentia
982 3186 1054 3250 litia
1074 3188 1196 3267 mersit,

406 3301 548 3364 caeditur
571 3321 586 3364 c
609 3301 717 3386 tepido
739 3303 869 3366 uictima
891 3324 1008 3388 porcus
1030 3303 1118 3367 tora

358 3413 450 3492 Quod
474 3422 577 3480 autern
598 3416 752 3482 Paniscus
776 3417 932 3482 inuehitur
954 3418 1067 3501 hostia,
1092 3418 1305 3484 crassissima-

291 3549 352 3611 que
375 3531 503 3595 uictima
526 3530 654 3597 deorum
685 3533 868 3598 tenuissimo
897 3534 1087 3617 minimoque
1115 3534 1304 3618 immolatur,

291 3644 324 3709 id
347 3645 409 3710 ioci
433 3666 531 3712 causa
553 3646 704 3712 artificem
726 3649 869 3733 pinxisse
893 3625 1012 3733 opinor,
1038 3650 1092 3732 qui
1115 3650 1198 3715 idem
1221 3650 1306 3716 face-

290 3761 411 3827 tissime
426 3761 597 3827 inhabilem
612 3762 725 3827 molem
741 3764 824 3828 uasti
839 3765 980 3848 corporis
997 3764 1081 3829 suilli
1096 3765 1171 3830 lusit
1182 3766 1307 3850 pictura

291 3895 373 3959 quae
396 3877 428 3942 in
452 3878 551 3942 altera
575 3882 716 3943 craterae
738 3884 829 3962 parte
852 3879 1052 3963 conspicitur.
1091 3900 1193 3962 neque
1217 3883 1307 3949 inea
