2888 4590
745 351 904 460 14'

578 605 604 670 b)
631 602 777 659 RVSTIOI
796 599 956 658 nodulos

394 703 433 767 (et
452 701 578 765 Amores)
599 701 698 755 mortui
719 701 866 756 caluariam
886 699 1102 769 contemplantes
1110 701 1140 765 1).

326 831 377 895 32.
409 829 611 914 Sardonyx
629 829 729 895 musei
745 829 939 914 imperatorii
954 827 1279 893 Vindobonensis

259 942 430 1031 (Saeken
453 966 482 1010 u.
507 947 677 1011 Kenner:
704 945 878 1012 verneiehn.
896 945 954 1010 des
977 945 1010 1008 k.
1027 944 1058 1008 k.
1076 951 1187 1007 mlinz·
1210 942 1279 1007 und

260 1063 586 1130 antiken·oabinettes
618 1083 649 1146 p.
672 1061 739 1126 444
766 1071 796 1126 n.
816 1058 903 1142 868).
934 1094 978 1102 -
1006 1060 1154 1126 Rusticus
1183 1060 1281 1125 laena

261 1177 388 1244 indutus
414 1179 589 1261 baculoque
610 1177 747 1260 innixus,
771 1176 898 1261 placide
913 1183 1022 1242 astans
1038 1175 1167 1257 globum
1184 1194 1282 1258 quen-

260 1294 333 1360 dam
356 1295 442 1359 humi
465 1295 620 1359 iacentem
636 1293 781 1378 intuetur,
807 1313 869 1376 quo
892 1293 1063 1357 caluariam
1081 1289 1283 1373 signifieasse

261 1411 413 1476 artificem
437 1409 606 1494 ostendunt
630 1429 699 1474 oum
719 1407 949 1494 perfectissima
965 1428 1035 1474 oum
1052 1407 1180 1490 reliquis
1197 1407 1282 1471 sius·

259 1526 345 1591 modi
379 1526 569 1609 imaginibus
603 1525 775 1591 similitudo
805 1531 868 1590 tum
899 1524 1019 1609 papilio
1048 1543 1145 1606 supra
1174 1523 1280 1587 ualua-

262 1643 341 1707 riam
366 1642 549 1725 insealptus.
588 1642 729 1725 corporis
752 1640 872 1706 formae
895 1640 1051 1705 rudiorem
1074 1640 1280 1703 Etruseorum

261 1764 360 1823 artem
389 1757 540 1822 redolent.
588 1759 680 1841 plura
708 1756 748 1821 de
775 1757 984 1846 hae-gemma
1007 1756 1039 1820 in
1062 1755 1124 1820 fine
1148 1754 1280 1820 alterius

262 1874 376 1959 eapitis
400 1879 490 1938 erunt
513 1872 708 1938 disserenda.

329 1984 405 2054 33³2
434 1989 561 2055 Sarda
583 1989 741 2073 femina,
771 1990 999 2074 Saponarae
1022 1987 1055 2051 in
1076 1984 1194 2071 oppido
1216 1986 1280 2050 Ba·

262 2105 413 2188 silieatae‚
439 2105 523 2189 quod
547 2112 596 2171 est
619 2106 658 2171 ab
682 2106 820 2189 antiquis
844 2105 1047 2170 Grumentum
1071 2101 1277 2186 appellatum,

262 2244 282 2287 a
311 2221 445 2306 Caputio
477 2222 631 2288 eanonioo
660 2221 837 2286 adseruato.
885 2227 1042 2305 repertam
1070 2237 1141 2283 esse
1171 2217 1281 2282 dieunt

333 2396 354 2459 ¹)
375 2393 538 2450 Verisimile
551 2391 861 2464 estsardouyeliam
876 2391 1280 2463 quoqueBarolinensem,

262 2509 279 2546 a
297 2490 473 2546 Toelkeno
497 2493 579 2547 elassi
592 2493 630 2547 VI
655 2493 802 2560 insertum,
822 2491 982 2561 numerique
1000 2495 1067 2545 nota
1084 2490 1120 2544 44
1138 2489 1279 2556 signatum

261 2590 315 2645 hue
337 2591 487 2658 pertinere:
511 2595 659 2645 cernuntur
683 2591 754 2645 enim
778 2589 807 2643 iu
830 2589 875 2643 illo
899 2593 954 2643 tres
972 2594 1097 2658 pastores
1121 2601 1156 2654 ex
1179 2585 1280 2655 quibus

261 2689 317 2742 duo
335 2689 406 2742 inter
419 2703 449 2742 se
467 2689 663 2757 conloquentes
676 2687 789 2756 imagini
802 2687 830 2741 in
841 2701 951 2754 gemma
964 2686 1112 2741 Hertziana
1124 2684 1280 2754 insculptae

262 2790 299 2852 (n.
313 2786 359 2853 41)
378 2789 443 2839 sunt
461 2786 601 2856 simillimi,
625 2787 676 2841 nisi
695 2785 768 2855 quod
788 2791 816 2839 at
834 2785 887 2854 ipsi
904 2788 1029 2854 pastores
1048 2780 1194 2836 rudissima
1213 2785 1281 2836 sunt

261 2883 389 2953 inscalpti
413 2898 494 2937 manu
519 2890 547 2938 et
571 2885 597 2938 in
624 2883 744 2938 caluaria
768 2881 897 2951 fingenda
921 2881 1001 2935 nimis
1020 2880 1198 2950 neglegenter
1221 2879 1282 2947 egit

262 2980 370 3049 artifex,
389 2981 428 3035 ita
445 2986 476 3035 ut
495 2982 540 3035 uix
560 2982 683 3051 dignosei
702 2984 804 3051 posset.
837 2979 945 3034 aceedit
962 2977 1051 3047 quod,
1071 2977 1099 3031 ni
1118 2975 1204 3044 fallor,
1225 2981 1280 3031 ter·

263 3080 354 3150 gendo
367 3079 464 3149 aliquis
477 3095 602 3149 gemmae
615 3077 787 3150 superfieiem
800 3077 887 3133 laesit.
914 3092 996 3147 quam
1015 3075 1051 3132 ob
1064 3092 1120 3130 rem
1139 3091 1280 3145 gemmam

264 3177 347 3232 iudici
370 3170 464 3232 nostro
488 3178 589 3232 addere
615 3192 669 3232 non
694 3191 789 3231 sumus
813 3175 881 3230 ausi.
912 3173 1128 3243 inimaginibus
1151 3189 1282 3244 gemmae

264 3293 281 3330 a
305 3276 438 3344 Begero
472 3274 633 3339 (thesaurus
657 3273 813 3329 Brundenb.
828 3273 867 3327 lll
894 3273 1026 3342 11201),
1053 3271 1282 3328 Tisehbeinio

265 3374 378 3441 (Homer
401 3372 471 3427 naeb
494 3372 607 3428 antiken
630 3371 687 3426 tab.
702 3373 742 3441 6),
770 3370 984 3440 lnghiramio
1009 3370 1082 3439 (gall.
1101 3369 1221 3426 omeriea
1240 3370 1283 3425 111

264 3470 320 3525 tab.
333 3471 403 3538 119),
417 3469 635 3526 Ouerbeelrio
650 3470 723 3539 (gall.
737 3468 792 3523 her.
804 3469 895 3525 bildw.
909 3467 965 3523 tab.
976 3469 1018 3536 33,
1032 3471 1075 3533 12)
1089 3468 1169 3522 editis
1182 3484 1283 3524 manus

265 3575 293 3624 et
310 3568 409 3623 basula
420 3571 560 3637 pastorum
579 3583 639 3622 oum
659 3567 794 3621 caluariae
814 3566 938 3635 uestigiis
952 3566 1043 3621 omisit
1056 3565 1151 3635 pistor.
1184 3564 1220 3618 ad
1233 3581 1283 3634 pe·
1386 3606 1392 3617 .

265 3667 315 3720 des
328 3665 401 3720 tertii
413 3666 532 3734 pastoris
546 3665 655 3719 additus
668 3671 711 3719 est
723 3665 807 3733 oanis,
826 3678 881 3733 quo
896 3664 966 3717 male
979 3663 1021 3717 usi
1034 3669 1098 3717 sunt
1116 3663 1284 3730 interpretes

265 3769 296 3818 ut
314 3764 341 3817 in
354 3768 465 3832 pastore
478 3763 605 3817 adstante
620 3762 724 3817 Ulixem
743 3761 981 3831 deprehenderent
998 3760 1109 3814 domum
1127 3774 1284 3817 reuersum.

265 3865 340 3916 reete
358 3861 393 3915 de
411 3860 463 3915 illis
482 3866 638 3915 statuerunt
656 3875 718 3915 oum
738 3858 875 3928 quondam
895 3859 1018 3927 Begerus
1036 3858 1053 3912 l.
1067 3858 1084 3912 l.
1103 3861 1162 3911 turn
1181 3872 1285 3927 nuper·

265 3958 333 4013 rime
352 3957 463 4014 Oonze
483 3957 573 4013 annali
592 3956 652 4012 dell'
673 3957 736 4012 inst.
757 3957 826 4011 1872
844 3972 871 4026 p.
884 3955 946 4011 201.
