2888 4590
659 362 702 428 57

174 540 257 604 anth.
275 541 342 604 Pal.
357 541 426 622 Vll,
444 542 511 605 480
533 534 641 622 (anall.
658 540 675 603 Ι
698 560 728 623 p.
752 540 812 604 172
836 560 865 602 n.
884 534 957 622 68):

263 653 346 740 Ἤδη
367 678 428 739 μευ
450 659 610 740 τέτριπται
634 651 951 739 ὕπεκκεκαλομμένον
974 649 1085 720 ὀστοῦν
1237 701 1239 708 »

318 767 454 858 ἁρμονίη
476 772 515 846 τ’,
539 766 632 853 ὦνερ,
655 770 742 848 ntor
764 770 995 855 ἐπικεκλιμλνη·
1120 762 1123 767 ’

274 884 409 971 ᾗδηκαὶ
432 886 586 971 σκώληκες
609 883 687 962 ὑπὲκ
711 885 807 969 σοροῦ
830 879 1024 965 αιίγοῖζονται

320 997 484 1086 ἡμετέρης·
509 1005 538 1064 τί
560 1002 660 1067 πλέον
682 1002 741 1087 γῆν
764 1000 1000 1084 λπιεννύμεθας

174 1132 190 1178 5
278 1113 380 1198 ἦγοὶρ
404 1112 459 1200 τὴν
482 1113 570 1181 οἴιπω
594 1118 670 1200 πρὶν
692 1115 761 1202 rep
784 1113 861 1182 ὁδὸν
883 1115 1057 1201 ἕτμήξαντο

150 1319 152 1322 ¹
318 1229 503 1315 ἄνθρωποι,
527 1234 596 1295 κατ’
608 1231 684 1316 ἐμῇς
706 1231 887 1316 coaequevos
909 1231 1060 1318 κεφαλῆς.

267 1341 368 1412 ’Λλλᾶ
390 1343 470 1431 πρὸς
497 1346 635 1427 ἐγγαίαν
652 1343 827 1423 ’Artocen
844 1345 972 1430 Ἑρμεία
995 1371 1029 1411 τε

309 1463 363 1526 καὶ
385 1459 520 1538 Νυκτὸς,
543 1461 656 1547 ταύτης
677 1460 766 1539 ἐκτὸς
788 1465 828 1528 ἴτ’
841 1459 1027 1546 ἀτραπιτοῖο.

243 1575 395 1643 conferas
419 1578 512 1642 etiam
534 1578 762 1661 epigrammata
781 1579 964 1663 Serapionis
980 1576 1189 1642 Alexandrini

174 1687 273 1774 (anth.
287 1693 427 1774 Pal.VIl‚
441 1688 530 1776 400),
544 1692 682 1777 Philippi
694 1693 989 1760 Thessalonicensis
1001 1691 1085 1776 (VII,
1099 1688 1187 1775 383),

175 1807 367 1891 Crinagorae
390 1805 460 1892 (IX,
479 1805 568 1891 439),
594 1809 743 1893 anonymi
766 1806 837 1892 (IX,
859 1804 945 1892 159).

243 1922 320 1988 Cum
342 1922 437 2005 igitur
459 1944 523 1988 non
547 1924 624 1989 satis
649 1923 689 1989 de
712 1924 895 2009 anaglypho
918 1925 972 1990 illo
988 1923 1189 1990 Heckeriano

176 2045 342 2120 constaret,
367 2037 461 2103 ualde
477 2059 517 2103 ex
532 2040 693 2105 uoluntate
716 2039 839 2124 accidit,
864 2041 952 2105 utin
975 2046 1021 2105 tot
1042 2039 1189 2124 operibus

175 2152 256 2217 duas
279 2155 390 2218 saltem
413 2174 553 2237 gemmas
576 2155 714 2238 reperire
736 2155 827 2220 nobis
849 2156 1052 2239 contingeret,
1077 2154 1189 2237 quibus

176 2267 359 2333 doceremur
377 2269 516 2334 Graecos
541 2269 677 2334 artifices
701 2290 720 2333 a
744 2271 890 2335 caluariis
913 2269 1070 2354 fingendis
1093 2270 1190 2335 neuti-

175 2407 270 2469 quam
292 2385 500 2450 abhorruisse.

245 2500 385 2567 Gemmis
408 2500 475 2582 his,
504 2499 536 2563 in
560 2499 672 2581 quibus
696 2499 804 2564 rustici
826 2499 969 2565 homines
992 2502 1105 2566 mortui
1128 2502 1191 2574 cal,-

176 2618 296 2683 uariam
319 2616 405 2680 humi
429 2616 581 2680 iacentem
606 2615 853 2698 contemplantes
877 2623 1059 2700 cernuntur,
1090 2617 1122 2681 in
1145 2616 1191 2681 in·

177 2733 247 2798 dice
274 2739 381 2797 nostro
414 2749 610 2795 numerorum
646 2736 737 2794 notas
766 2731 809 2794 32
839 2737 870 2795 et
899 2732 942 2796 34
975 2733 1188 2816 ascripsimus.

177 2851 307 2914 alteram
335 2848 374 2912 ab
399 2845 573 2928 antiquiore
596 2846 700 2927 aliquo
724 2846 857 2910 Etrusco
888 2847 1006 2912 artifice
1036 2849 1191 2930 scalptam

178 2985 249 3030 esse
264 2965 316 3029 uel
332 2963 432 3046 primo
450 2966 581 3044 aspectu
601 2968 742 3044 apparet.
774 2962 806 3025 in
823 2963 922 3026 altera
937 2968 1040 3026 autem
1056 2983 1189 3046 gemma,

177 3077 375 3163 sardonyche
405 3076 476 3141 dico
506 3075 724 3160 Rhodesiano,
761 3077 875 3142 Graeci
904 3077 1032 3146 artificis
1063 3079 1192 3160 eiusque

177 3193 439 3278 praestantissimi
455 3211 580 3256 manum
605 3192 667 3254 iam
691 3191 745 3255 alii
760 3190 1033 3275 deprehenderunt
1055 3189 1189 3277 (Κίος,

179 3312 308 3394 nanque
334 3301 441 3393 perna*
468 3328 498 3391 p.
522 3306 581 3370 lxi:
617 3299 766 3390 „praelr“‚·
795 3308 923 3389 Raspe
951 3308 983 3371 ll
1012 3329 1042 3391 p.
1065 3308 1130 3373 598
1159 3331 1190 3374 n.

180 3425 314 3507 10‚385:
343 3446 404 3505 „aa
427 3425 602 3508 eaprcoinq
624 3424 660 3485 ia
683 3422 731 3486 tle
755 3422 810 3486 old
831 3415 954 3506 atple“).

245 3539 309 3604 Sed
343 3537 383 3602 de
411 3538 459 3602 his
488 3537 580 3602 rebus
609 3537 733 3602 uberius
762 3555 956 3621 exponemus
985 3557 1054 3602 cum
1084 3538 1193 3622 imagi-

178 3674 234 3718 nes
268 3673 462 3737 gemmarum
499 3672 658 3736 apponere
694 3653 807 3717 licebit.
862 3670 945 3716 nunc
979 3651 1055 3716 satis
1090 3651 1193 3718 habeo

124 3836 125 3839 ,
178 3769 289 3851 paucis
317 3767 508 3850 significare,
539 3787 594 3832 cur
621 3767 749 3833 credam
778 3768 918 3833 Graecos
951 3767 1102 3849 artifices,
1132 3768 1192 3833 Ro·

178 3904 271 3948 mano
300 3882 427 3966 quidem
454 3883 585 3965 imperio
609 3882 815 3966 antiquiores,
845 3882 963 3946 ossium
986 3882 1192 3948 humanorum
