2888 4590
767 360 810 426 48

350 542 387 606 Iu
409 540 459 605 his
482 536 567 623 quod
590 539 782 605 Sohubart
805 538 953 604 correxit:
978 538 1117 619 χαλκοῦν
1137 556 1194 620 pro
1216 537 1300 617 χαλ-

284 657 352 732 κοῦ,
375 676 468 721 nemo
491 656 549 721 erit
571 655 646 738 quin
669 655 787 738 probet.
824 652 909 736 quod
925 661 1028 718 autem
1045 652 1196 735 sequitur:
1221 674 1300 735 χρο-
1424 717 1427 726 ,

285 777 434 855 νιοοτέροο
449 778 566 836 temere
581 771 736 855 Kayser
750 770 891 852 teutauit
916 769 969 851 qui
992 768 1040 832 bis
1062 772 1177 854 χρονίῳ
1194 763 1300 855 ὑδέρῳ

285 886 484 953 scribendum
496 907 568 952 esse
579 885 699 950 monuit
710 880 894 968 (τητῖοοίιτοον
904 885 962 970 χοί.
971 906 1040 948 aaz.
1055 885 1117 948 uol.
1127 885 1169 948 24
1184 877 1298 968 [1847]

284 1023 315 1087 p.
333 1005 398 1067 347
422 1009 453 1067 et
474 1001 647 1085 zeitschraft
664 1001 729 1085 fair
751 1001 1016 1065 alterthamawiaa
1044 1000 1129 1064 1850
1156 1021 1185 1084 p.
1203 996 1298 1083 397).

285 1119 364 1183 nihil
387 1119 470 1183 enim
494 1119 675 1183 coniectura
697 1136 776 1201 opus
800 1123 857 1181 est.
902 1135 1004 1198 neque
1028 1135 1106 1199 opus
1131 1122 1179 1180 est
1201 1117 1302 1180 Wel-

286 1234 393 1300 ckeri
417 1233 682 1318 interpretatione,
704 1233 757 1315 qui
772 1231 963 1296 Pausaniam
979 1233 1188 1315 χρονιωτέρου
1208 1251 1302 1296 uoca-

286 1351 391 1416 bulum
409 1350 448 1414 ob
465 1370 534 1414 eam
548 1369 675 1414 causam
689 1347 844 1413 adiecisse
861 1348 989 1430 censuit,
1005 1347 1080 1429 quia
1094 1347 1301 1411 miserrimam

287 1464 463 1531 eiusmodi
492 1465 624 1530 maciem
648 1464 709 1529 nisi
738 1469 898 1528 senectute
927 1462 1009 1528 effici
1034 1483 1098 1528 uon
1122 1483 1217 1547 posse
1245 1483 1301 1547 pu-

286 1587 394 1646 tasset.
429 1600 520 1663 quem
537 1601 672 1646 errorem
689 1579 869 1644 Pausaniae
885 1579 1062 1644 inculcasse
1077 1579 1209 1662 uidetur,
1227 1580 1301 1662 quia

291 1696 332 1761 de
356 1697 472 1762 secieto
497 1696 654 1780 cogitauit.
694 1714 756 1776 quo
780 1694 939 1759 Welckeri
969 1695 1106 1759 animum
1131 1695 1301 1761 inclinasse

292 1832 356 1877 non
380 1813 479 1877 solum
504 1832 543 1876 ex
567 1830 604 1875 eo
628 1816 768 1894 apparet,
794 1809 878 1892 quod
902 1831 971 1875 cum
995 1811 1174 1875 Pausaniae
1196 1812 1300 1876 uerbis

289 1927 484 2011 comparauit
495 1946 576 2008 quae
592 1946 655 1990 non
672 1932 761 1990 erant
776 1924 1004 2009 comparanda:
1023 1927 1160 2008 sigillum
1176 1947 1301 1992 aereum

288 2044 321 2107 in
338 2063 446 2108 museo
462 2041 669 2106 Kircheriano
688 2047 844 2106 seruatum
860 2035 931 2124 (85)
953 2042 1081 2123 eiusque
1097 2042 1199 2107 simile
1214 2038 1299 2126 (86);

289 2157 346 2224 sed
363 2164 496 2242 apparet
511 2157 604 2222 etiam
620 2157 775 2240 exipsius
792 2177 872 2239 quae
888 2163 1059 2239 sequuntur
1074 2158 1177 2222 uerbis
1189 2153 1302 2239 (aleina
1350 2245 1352 2248 Ι

289 2274 440 2358 achraften
463 2275 512 2338 III
535 2293 565 2356 p.
584 2267 679 2354 222):
704 2272 792 2336 Duas
816 2275 866 2336 eia
888 2294 950 2336 οονο
971 2274 1027 2336 der
1048 2273 1124 2338 haut
1145 2274 1225 2338 noch
1246 2297 1301 2338 aa·

290 2389 602 2475 aaaaaeapchulteaea
632 2389 893 2474 lanchenpern'late
922 2389 970 2452 ala
998 2389 1228 2474 waltpeaclrenlc
1250 2392 1302 2454 dea

291 2506 503 2592 Hippokrutea
538 2529 581 2570 ονο
615 2507 675 2569 den
702 2517 770 2589 potr
797 2507 853 2568 der·
882 2517 983 2569 cerate
1009 2505 1094 2590 pall,
1130 2505 1208 2569 lciaat
1233 2527 1302 2570 νον-

289 2622 433 2702 manaen,
469 2623 543 2685 duaa
575 2621 744 2706 pelchrtere
773 2633 874 2685 cerate
908 2623 959 2685 die
990 2623 1114 2685 stadiae
1141 2621 1217 2685 cibel·
1244 2623 1303 2685 dea

292 2737 495 2802 knocheabaa
517 2759 551 2801 οο
567 2737 630 2800 ciel
652 2739 756 2801 dauon
779 2738 859 2801 οοοΙι
882 2737 960 2800 olane
975 2737 1194 2822 repelmci‘aaipe
1209 2739 1302 2801 accir-

291 2855 437 2939 itbanqea
460 2875 517 2916 aaa
540 2853 675 2918 aelteaea
696 2854 764 2916 aad
785 2853 1014 2933 οονοτοΙιίονοοοο,
1046 2852 1095 2916 bel·
1117 2853 1304 2917 baconderea

292 2969 455 3033 aalaeaoea
479 2991 537 3032 aaa
557 2969 706 3054 patciaco
736 2970 793 3032 der
819 2970 924 3032 tcdten
951 2970 1019 3032 aad
1046 2990 1103 3032 aaa
1133 2970 1189 3032 der
1215 2991 1304 3054 pym-

291 3085 397 3149 oaatr'lc
430 3083 578 3169 orpraffea
612 3086 736 3148 worden
766 3084 893 3164 tonate,
929 3086 964 3148 τ’νο
998 3085 1097 3147 cinam
1131 3083 1304 3148 ΙοννοοοοοονΙτ

292 3202 444 3284 oereinipt
465 3201 533 3263 aad
555 3199 708 3284 bffeatipa
732 3199 819 3264 nicht
840 3199 922 3264 bloaa
946 3200 993 3263 ula
1013 3199 1147 3279 zeloten,
1170 3199 1304 3262 scadan

293 3316 373 3379 οτιοΙι
407 3315 454 3379 ala
489 3315 674 3398 haffomittel
701 3317 755 3379 dea
789 3315 895 3399 beroso
926 3339 966 3379 aa
992 3316 1107 3400 irqcad
1135 3317 1220 3379 cicer
1248 3314 1307 3376 zeii

291 3431 508 3516 pebruacluen.
557 3450 638 3512 quae
678 3431 843 3513 quominus
883 3430 933 3494 hic
971 3429 1127 3512 quadrare
1163 3435 1306 3513 putemus

209 3527 210 3530 Ἴ
293 3567 356 3611 nou
380 3547 481 3610 solum
502 3545 696 3629 Delphorum
719 3545 896 3610 testimonio
919 3545 1130 3628 prohibemur,
1156 3564 1234 3627 quos
1259 3564 1306 3609 se-

294 3669 382 3726 cutus
406 3662 582 3726 Pausanias
606 3661 680 3744 quin
703 3661 806 3726 uerbis
830 3665 1110 3745 χρονιωτέρου,
1137 3682 1308 3743 κατερρυη-

294 3776 383 3852 κότος
399 3800 431 3840 uc
453 3774 522 3862 ἤδη
546 3773 603 3851 τοὶς
626 3775 747 3861 σοίρκας
770 3782 839 3841 cett.
865 3776 999 3840 uiuentis
1020 3775 1155 3840 hominis
1178 3775 1309 3855 eiusque

239 3881 245 3994 [
295 3892 421 3976 phtisici
444 3892 613 3974 imaginem
637 3892 771 3976 phtisico
800 3912 857 3975 per
881 3911 1024 3956 somnum
1048 3892 1185 3955 oblatam
1214 3888 1309 3953 deno-
