2888 4590
623 335 667 401 43

136 511 272 596 globulis
296 511 432 595 denique
454 511 643 595 quibusdam
659 514 828 598 impletam,
846 514 957 596 quibus
973 520 1043 580 tura
1059 515 1154 597 signi-

136 628 250 693 ficasse
280 628 432 713 pictorem
461 627 654 695 uerisimile
681 635 742 694 cst:
773 650 927 712 quaeres
950 629 1015 696 fere
1045 651 1154 697 omnes

137 765 236 829 aeque
260 745 373 810 desunt
395 745 428 808 in
445 746 592 830 exemplo
609 745 834 830 Stephaniano.
872 745 1015 811 dextram
1030 747 1063 811 in
1078 747 1154 812 ima-

138 863 306 945 gunculam
341 859 498 943 quandam
528 861 600 926 albo
629 860 824 945 sufflauoque
853 862 1009 929 coloribus
1038 865 1154 949 pictam

140 975 326 1062 protendere
354 976 492 1060 uidetur,
524 997 605 1060 quae
633 983 705 1042 ante
728 977 896 1042 Paniscum
923 979 1051 1063 pilleolo
1080 999 1154 1063 quo-

139 1091 213 1158 dam
240 1099 338 1176 tecta,
370 1092 552 1158 diuaricatis
582 1093 739 1176 cruribus,
771 1098 883 1172 ansata
910 1088 958 1177 (ut
986 1095 1056 1160 ioco
1084 1101 1155 1160 utar

139 1203 305 1292 Plautino)
340 1215 437 1291 astat,
483 1210 623 1292 corporis
659 1209 797 1274 obscena
829 1209 1020 1294 protendens
1054 1231 1155 1293 eaque

138 1345 312 1409 permagna
334 1327 519 1408 ramuloque
542 1331 661 1389 ornata.

206 1440 414 1524 Hanc‘igitur
436 1441 671 1524 imagunculam
695 1439 833 1505 defuncti
854 1441 975 1505 laruam
996 1461 1067 1508 esse
1083 1462 1154 1508 een-

139 1558 201 1622 suit
223 1556 427 1642 stephanius:
452 1577 510 1621 nos
535 1561 638 1621 autem
663 1576 718 1622 our
740 1555 807 1621 fieri
831 1564 968 1652 nequeat
990 1565 1023 1622 ut
1046 1578 1154 1624 assen-

138 1674 252 1739 tiamur
282 1673 485 1738 celeberrimo
514 1673 582 1737 uiro
614 1692 697 1737 nunc
726 1673 836 1756 paucis
866 1655 1002 1740 necesse
1026 1650 1074 1741 est
1101 1695 1154 1740 ex·
1189 1585 1197 1730 l

138 1809 303 1875 ponamus.
643 1787 644 1792 ’

206 1906 294 1970 Mitto
329 1903 413 1987 quod
446 1924 549 1988 neque
584 1904 616 1968 in
647 1903 800 1969 artificum
829 1923 965 1988 graecae
1000 1925 1080 1989 quae
1108 1905 1154 1970 di-

139 2022 218 2086 citur
246 2021 357 2087 aetatis
381 2019 542 2105 operibus,
575 2040 678 2103 neque
706 2019 738 2084 in
766 2021 852 2086 libris
876 2021 939 2086 illis
963 2022 1181 2118 temporibus,

140 2137 265 2221 scriptis
289 2137 386 2201 ullum
410 2156 571 2201 ossearum
595 2138 751 2201 laruarum
776 2137 851 2200 mihi
875 2136 1000 2220 quidem
1016 2139 1154 2222 reperire

140 2253 269 2336 contigit
292 2253 473 2336 uestigium:
504 2273 577 2317 nam
607 2251 844 2316 concedendum
867 2259 915 2318 est
937 2253 1064 2319 omnino
1086 2254 1155 2319 fieri

138 2389 248 2454 posse,
289 2374 323 2433 ut
362 2369 394 2433 in
434 2374 521 2433 tanta
561 2368 699 2433 omnium
734 2387 837 2432 rerum
870 2367 962 2432 ruina
995 2369 1086 2451 quasi
1121 2370 1153 2434 in

140 2483 229 2563 ἅπαξ
257 2487 423 2570 εἰρημένον
453 2483 613 2567 quoddam
643 2483 829 2549 incidamus.
876 2489 909 2548 at
936 2483 1007 2567 ipso
1036 2485 1069 2549 ni
1096 2485 1153 2550 fal-

139 2602 186 2667 lor
214 2600 321 2665 habitu
350 2601 510 2666 simulacri
542 2599 690 2665 docemur
718 2619 781 2664 non
810 2619 881 2665 esse
909 2601 1046 2666 laruam:
1083 2595 1153 2667 tan-

139 2723 203 2782 turn
232 2717 314 2782 enim
344 2716 435 2782 abest
464 2722 497 2780 ut
524 2717 632 2782 sceleti
659 2715 770 2781 similis
793 2716 854 2798 sit,
867 2722 901 2780 ut
927 2716 1003 2782 mihi
1027 2717 1153 2801 quidem

139 2834 257 2918 lignum
298 2833 403 2916 potius
439 2831 516 2897 rude
553 2831 637 2915 quod
671 2853 784 2896 manaa
817 2834 884 2896 riae
918 2844 985 2897 arte
1018 2836 1154 2899 rusticae

139 2951 328 3014 dolaverunt
361 2949 504 3014 uideatur
537 2968 617 3013 esse.
673 2949 797 3013 caluum
826 2950 909 3014 enim
940 2951 1053 3035 capitis
1087 2952 1153 3034 glo·
1202 2969 1216 3040 ᾖ

140 3065 225 3148 bum,
252 3071 408 3131 costarum
432 3065 560 3148 seriem,
585 3063 789 3130 coxendicem
813 3063 948 3147 denique
975 3066 1026 3131 uel
1048 3065 1080 3131 in
1104 3087 1152 3132 ru·
1200 3041 1203 3054 ’

139 3180 277 3246 dissimis
300 3182 458 3245 laruarum
487 3181 678 3263 simulacris,
710 3187 780 3245 cute
809 3182 951 3265 quamuis
980 3187 1077 3264 tecta,
1108 3181 1153 3246 f-

140 3297 199 3362 cile
228 3296 416 3380 dignoscesr
442 3317 574 3380 quarum
603 3295 729 3380 quidem
758 3317 860 3362 rerum
884 3297 934 3364 hic
959 3298 1037 3363 nihil
1059 3297 1153 3363 habe·

138 3432 222 3493 mus,
252 3412 404 3477 habemus
432 3419 536 3478 autem
563 3424 718 3476 astantem
746 3413 931 3498 iapciaibua
960 3415 1153 3490 columnam

140 3547 203 3612 qua
228 3529 372 3610 quamuis
396 3547 458 3593 non
475 3548 603 3613 prorsus
620 3534 749 3594 careant
764 3530 880 3613 laruae,
898 3537 1002 3596 tamen
1018 3531 1050 3595 in
1065 3537 1154 3595 tanta

138 3644 311 3726 imaginum
341 3644 435 3728 copia
462 3645 501 3708 ab
531 3644 702 3710 artificibus
730 3645 804 3709 ficta
837 3665 901 3710 non
928 3653 976 3712 est
1008 3647 1069 3712 nisi
1104 3647 1152 3712 bis

140 3753 196 3841 (81
222 3766 254 3823 et
279 3757 365 3840 101),
391 3779 491 3842 eaque
515 3766 599 3824 certe
622 3760 699 3825 satis
723 3760 856 3825 modica.

207 3873 290 3952 Quid
317 3874 429 3939 multa:
464 3875 591 3940 rubrum
618 3875 778 3941 hortorum
806 3877 969 3943 custodem
1001 3897 1150 3962 agnosco,
