2888 4590
673 331 716 399 53

185 508 363 572 Pausanias
393 506 473 572 uidit
501 503 545 590 (6,
569 509 599 591 6,
625 504 680 591 11)
708 506 764 575 τὸν
792 510 827 575 ἐν
858 513 979 596 Τεμέσῃ
1006 507 1088 594 ἣρω,
1116 509 1200 592 quod

166 623 258 689 Oroi
292 643 406 688 numen
437 622 534 688 fuisse
569 624 768 689 manifestum
803 631 865 708 est,
902 624 1013 689 eodem
1043 624 1109 690 fere
1144 624 1200 689 ha-

184 738 249 802 bitu
283 739 400 821 piotum
434 738 532 802 fuisse
567 739 661 803 nuliis
696 739 856 804 hominurn
890 740 1014 804 ossibus
1050 740 1198 806 adieetis:

185 854 221 919 ἐν
250 853 287 918 δέ
316 871 405 938 σφισι
433 854 488 930 μοὶ
516 853 642 936 δαίμων
671 851 780 920 ὅντινα
809 855 959 938 ἐξέβαλεν
989 852 1006 920 ὁ
1034 853 1200 938 Εὔθυμος,

185 968 288 1054 χρόαν
308 994 341 1033 σε
364 967 476 1042 δεινῶς
497 970 598 1051 μέλας
621 971 675 1033 καὶ
698 968 733 1035 τὸ
748 969 832 1044 εἶδος
848 966 938 1034 ἅπαν
961 969 994 1044 ἐς
1009 969 1048 1034 σὰ
1062 969 1201 1054 μάλιστα

146 1093 158 1177 h
189 1083 341 1170 φοβερός,
363 1081 460 1148 λύκου
483 1082 519 1147 δὲ
543 1078 717 1166 ἀμπίσχετο
741 1084 844 1168 δέρμα
867 1085 1000 1169 ἐσθῆτα.

254 1199 337 1277 Quid
362 1199 455 1281 igitur
473 1198 681 1285 Περσεφόνην
704 1200 790 1264 illam
807 1204 970 1265 Λέπσονιν
993 1201 1136 1280 (Tzethes
1160 1199 1201 1264 ad

185 1314 342 1398 Lyoophr.
356 1314 406 1378 Al.
421 1309 478 1395 49)
500 1333 594 1396 quam
610 1314 795 1379 Theocritus
812 1309 867 1398 (id.
886 1317 915 1397 2,
933 1310 988 1397 13)
1004 1315 1097 1379 etiam
1109 1315 1200 1397 ἐρχο-

185 1426 289 1513 μέναν
312 1429 432 1495 νεκύων
460 1425 526 1493 ἇνοὶ
549 1431 577 1492 τ’
590 1423 663 1514 poia
691 1431 745 1493 καὶ
773 1430 875 1512 μέλαν
904 1428 986 1512 αἷμα
1014 1430 1073 1494 sibi
1101 1428 1199 1510 finxit,

86 1626 90 1632 ι
187 1544 263 1627 quid
287 1543 422 1627 denique
438 1544 566 1608 Lamias
590 1545 661 1610 illas
685 1543 902 1628 πανδοβόροος
923 1552 954 1610 et
975 1544 1202 1630 σαρκοφάγους

184 1659 402 1744 proferamus?
435 1679 473 1723 ex
504 1659 616 1742 quihus
645 1659 724 1724 nihil
752 1659 849 1742 effioi,
882 1659 966 1742 quod
996 1659 1037 1724 ad
1059 1658 1201 1742 fingendi

185 1774 400 1859 pingendique
423 1780 506 1840 artes
530 1775 661 1840 attineat
683 1795 775 1840 nemo
798 1795 862 1840 non
885 1774 980 1840 uidet.

255 2005 390 2072 Omissis
419 2005 513 2089 igitur
545 2012 707 2089 poetarum
741 2005 890 2089 uulgique
923 2003 1037 2070 fabulis
1071 2003 1133 2068 iam
1168 2003 1202 2067 id

189 2142 283 2205 agere
313 2121 387 2186 lieet
420 2127 454 2184 ut
482 2141 683 2205 quaeramus,
714 2142 789 2186 num
824 2120 900 2184 artis
934 2139 1032 2203 opera
1059 2119 1203 2183 Romana

187 2236 313 2320 quidem
336 2241 439 2300 aetate
463 2237 625 2319 superiora
652 2237 864 2315 inueniantur,
895 2233 962 2298 siue
991 2234 1062 2317 ipsa
1091 2234 1202 2304 siuea

188 2350 391 2434 scriptoribus
413 2356 593 2430 memorata,
619 2350 651 2413 in
667 2350 780 2431 quihus
796 2347 932 2412 hominis
949 2367 1025 2412 ossa
1039 2348 1114 2413 fieta
1129 2349 1200 2414 sint.

254 2465 330 2529 Eius
359 2461 445 2527 modi
477 2469 710 2544 monumentum
739 2462 799 2527 sihi
828 2461 1006 2544 repperisse
1038 2461 1203 2527 uidebatur

186 2578 390 2644 Heokerus
428 2577 460 2641 in
491 2580 783 2641 commentationum
813 2579 996 2640 aranearum
1026 2577 1064 2640 do
1092 2577 1202 2642 ootho-

190 2694 275 2779 logr‘o
297 2684 419 2779 'praeeo
441 2702 538 2777 porte
561 2692 673 2776 priore
701 2712 731 2775 p.
749 2692 793 2755 94
816 2711 919 2774 seqq.,
949 2691 1002 2774 qui
1029 2693 1203 2776 anaglyphi

187 2808 296 2872 sceleti
324 2806 454 2870 humani
485 2806 652 2890 imaginem
683 2806 859 2872 exhibentis
887 2808 1076 2872 mentionem
1105 2808 1203 2873 eonti-

188 2921 256 2985 neri
278 2922 311 2985 in
335 2920 453 2985 anthol.
472 2922 572 2987 Palat.
590 2921 641 2986 lib.
656 2921 717 2987 VH
741 2941 789 3004 ep.
807 2923 873 2986 472
897 2922 1066 3017 contendit.

253 3037 471 3121 Epigramma,
500 3037 585 3120 quod
608 3037 689 3102 infra
712 3036 932 3121 ascripsimus,
964 3038 996 3103 in
1019 3038 1203 3121 anthologia

187 3151 351 3216 Planudea
381 3159 428 3218 est
451 3151 589 3237 ἄδηλον,
619 3153 651 3217 in
675 3151 784 3218 oodioe
815 3160 918 3218 autem
941 3153 1086 3218 Palatino
1109 3154 1203 3219 Leo-

186 3268 302 3334 nidae
318 3270 538 3335 Tarentino
561 3269 712 3352 tribuitur,
738 3288 829 3352 quem
844 3269 958 3352 Pyrrhi
981 3269 1065 3351 regis
1089 3289 1203 3351 aequa·

187 3385 247 3449 lem
282 3383 381 3450 fuisse
414 3384 519 3451 docuit
549 3387 667 3451 Jaoohs
703 3380 882 3466 (animadu.
912 3384 944 3448 in
974 3404 1022 3467 ep.
1047 3384 1130 3448 anth.
1155 3405 1200 3468 gr.

187 3499 280 3581 III,3
304 3520 334 3583 p.
354 3500 418 3565 908
443 3495 556 3583 sequ).
597 3499 809 3584 disposuimus
833 3519 943 3564 uersus
967 3498 1008 3564 ad
1025 3499 1202 3583 exemplum

186 3613 379 3697 Palatinum3
417 3615 488 3698 ipsa
522 3621 625 3681 autem
656 3616 754 3681 uerba
789 3613 1022 3697 epigrammatis
1055 3615 1201 3698 asoripsi-

184 3746 255 3792 mus
289 3729 396 3811 qualia
430 3731 575 3814 leguntur
609 3731 641 3795 in
678 3728 851 3795 nouissima
883 3729 1041 3794 Dnebneri
1077 3728 1202 3796 editone

185 3841 341 3908 Parisina.
