<?xml version="1.0" encoding="UTF-8"?>
<!DOCTYPE html PUBLIC "-//W3C//DTD XHTML 1.0 Transitional//EN"
    "http://www.w3.org/TR/xhtml1/DTD/xhtml1-transitional.dtd">
<html xmlns="http://www.w3.org/1999/xhtml" xml:lang="en" lang="en">
 <head>
  <title>
</title>
<meta http-equiv="Content-Type" content="text/html;charset=utf-8" />
  <meta name='ocr-system' content='tesseract 3.04.00' />
  <meta name='ocr-capabilities' content='ocr_page ocr_carea ocr_par ocr_line ocrx_word'/>
</head>
<body>
  <div class='ocr_page' id='page_1' title='image "./deossiumhumanor00treugoog_0041.png"; bbox 0 0 2888 4590; ppageno 0'>
   <div class='ocr_carea' id='block_1_1' title="bbox 752 333 795 399">
    <p class='ocr_par' dir='ltr' id='par_1_1' title="bbox 752 333 795 399">
     <span class='ocr_line' id='line_1_1' title="bbox 752 333 795 399; baseline 0.023 -1"><span class='ocrx_word' id='word_1_1' title='bbox 752 333 795 399; x_wconf 76' lang='grc'><strong>86</strong></span> 
     </span>
    </p>
   </div>
   <div class='ocr_carea' id='block_1_2' title="bbox 224 509 1280 1042">
    <p class='ocr_par' dir='ltr' id='par_1_2' title="bbox 224 509 1280 940">
     <span class='ocr_line' id='line_1_2' title="bbox 224 509 1280 593; baseline 0.004 -21"><span class='ocrx_word' id='word_1_2' title='bbox 224 541 225 546; x_wconf 15' lang='grc' dir='ltr'><strong>κ</strong></span> <span class='ocrx_word' id='word_1_3' title='bbox 336 509 386 573; x_wconf 91' lang='grc'><strong>74.</strong></span> <span class='ocrx_word' id='word_1_4' title='bbox 424 509 713 593; x_wconf 88' lang='lat' dir='ltr'><strong>Heliotropium</strong></span> <span class='ocrx_word' id='word_1_5' title='bbox 736 510 835 576; x_wconf 89' lang='lat' dir='ltr'><strong>musei</strong></span> <span class='ocrx_word' id='word_1_6' title='bbox 860 510 1017 593; x_wconf 86' lang='lat' dir='ltr'><strong>quondam</strong></span> <span class='ocrx_word' id='word_1_7' title='bbox 1032 511 1207 577; x_wconf 76' lang='lat' dir='ltr'><strong>Meditei.</strong></span> <span class='ocrx_word' id='word_1_8' title='bbox 1247 512 1280 576; x_wconf 94' lang='lat' dir='ltr'><strong>in</strong></span> 
     </span>
     <span class='ocr_line' id='line_1_3' title="bbox 270 619 1280 708; baseline 0 -17"><span class='ocrx_word' id='word_1_9' title='bbox 270 619 429 707; x_wconf 61' lang='lat' dir='ltr'><strong>„Offioiid</strong></span> <span class='ocrx_word' id='word_1_10' title='bbox 456 645 539 691; x_wconf 83' lang='lat' dir='ltr'><strong>nune</strong></span> <span class='ocrx_word' id='word_1_11' title='bbox 562 623 759 690; x_wconf 89' lang='lat' dir='ltr'><strong>desideratur</strong></span> <span class='ocrx_word' id='word_1_12' title='bbox 781 620 825 708; x_wconf 91' lang='lat' dir='ltr'><strong>(v.</strong></span> <span class='ocrx_word' id='word_1_13' title='bbox 843 625 1078 691; x_wconf 78' lang='lat' dir='ltr'>adnotationem</span> <span class='ocrx_word' id='word_1_14' title='bbox 1101 625 1143 691; x_wconf 90' lang='lat' dir='ltr'><strong>ad</strong></span> <span class='ocrx_word' id='word_1_15' title='bbox 1159 627 1280 692; x_wconf 90' lang='lat' dir='ltr'><strong>numeri</strong></span> 
     </span>
     <span class='ocr_line' id='line_1_4' title="bbox 266 735 1280 826; baseline 0.003 -22"><span class='ocrx_word' id='word_1_16' title='bbox 266 746 373 805; x_wconf 91' lang='lat' dir='ltr'><strong>notam</strong></span> <span class='ocrx_word' id='word_1_17' title='bbox 397 742 439 806; x_wconf 87' lang='grc'><strong>69</strong></span> <span class='ocrx_word' id='word_1_18' title='bbox 463 735 678 825; x_wconf 79' lang='lat' dir='ltr'><strong>adscriptam).</strong></span> <span class='ocrx_word' id='word_1_19' title='bbox 719 740 877 818; x_wconf 71' lang='lat' dir='ltr'><strong>dorius:</strong></span> <span class='ocrx_word' id='word_1_20' title='bbox 900 761 978 807; x_wconf 88' lang='lat' dir='ltr'><strong>mus.</strong></span> <span class='ocrx_word' id='word_1_21' title='bbox 996 742 1080 807; x_wconf 85' lang='lat' dir='ltr'><strong>Flor.</strong></span> <span class='ocrx_word' id='word_1_22' title='bbox 1098 762 1241 826; x_wconf 87' lang='lat' dir='ltr'><strong>gemmae</strong></span> <span class='ocrx_word' id='word_1_23' title='bbox 1264 743 1280 806; x_wconf 97' lang='lat' dir='ltr'><strong>I</strong></span> 
     </span>
     <span class='ocr_line' id='line_1_5' title="bbox 264 855 875 940; baseline -0.002 -19"><span class='ocrx_word' id='word_1_24' title='bbox 264 855 327 922; x_wconf 88' lang='lat' dir='ltr'><strong>tab.</strong></span> <span class='ocrx_word' id='word_1_25' title='bbox 344 855 397 940; x_wconf 80' lang='lat'><strong>50,</strong></span> <span class='ocrx_word' id='word_1_26' title='bbox 415 857 445 921; x_wconf 82' lang='lat'><strong>2.</strong></span> <span class='ocrx_word' id='word_1_27' title='bbox 470 893 513 905; x_wconf 93' lang='lat'><em>-</em></span> <span class='ocrx_word' id='word_1_28' title='bbox 537 855 625 922; x_wconf 84' lang='lat' dir='ltr'><strong>Idem</strong></span> <span class='ocrx_word' id='word_1_29' title='bbox 649 862 875 939; x_wconf 83' lang='lat' dir='ltr'><strong>argumentum.</strong></span> 
     </span>
    </p>

    <p class='ocr_par' dir='ltr' id='par_1_3' title="bbox 334 970 1280 1042">
     <span class='ocr_line' id='line_1_6' title="bbox 334 970 1280 1042; baseline 0 -6"><span class='ocrx_word' id='word_1_30' title='bbox 334 971 384 1036; x_wconf 83' lang='lat'><strong>75.</strong></span> <span class='ocrx_word' id='word_1_31' title='bbox 421 970 546 1038; x_wconf 85' lang='lat' dir='ltr'><strong>Sarda</strong></span> <span class='ocrx_word' id='word_1_32' title='bbox 573 971 718 1037; x_wconf 88' lang='lat' dir='ltr'><strong>femina</strong></span> <span class='ocrx_word' id='word_1_33' title='bbox 746 971 847 1042; x_wconf 87' lang='lat' dir='ltr'><strong>musei</strong></span> <span class='ocrx_word' id='word_1_34' title='bbox 876 971 1140 1038; x_wconf 84' lang='lat' dir='ltr'><strong>Rieuurdiani.</strong></span> <span class='ocrx_word' id='word_1_35' title='bbox 1181 971 1280 1038; x_wconf 83' lang='lat' dir='ltr'><strong>edidit</strong></span> 
     </span>
    </p>
   </div>
   <div class='ocr_carea' id='block_1_3' title="bbox 134 1081 1384 1286">
    <p class='ocr_par' dir='ltr' id='par_1_4' title="bbox 134 1081 1384 1286">
     <span class='ocr_line' id='line_1_7' title="bbox 265 1081 1384 1172; baseline 0.001 -20"><span class='ocrx_word' id='word_1_36' title='bbox 265 1087 404 1152; x_wconf 74' lang='lat' dir='ltr'><strong>dorius</strong></span> <span class='ocrx_word' id='word_1_37' title='bbox 427 1087 460 1152; x_wconf 92' lang='lat' dir='ltr'><strong>in</strong></span> <span class='ocrx_word' id='word_1_38' title='bbox 483 1087 1060 1171; x_wconf 82' lang='lat' dir='ltr'><strong>mus.Flor.gemm.uol.Itab.51‚</strong></span> <span class='ocrx_word' id='word_1_39' title='bbox 1082 1091 1108 1152; x_wconf 91' lang='lat'><strong>1.</strong></span> <span class='ocrx_word' id='word_1_40' title='bbox 1149 1089 1279 1172; x_wconf 86' lang='lat' dir='ltr'><strong>Ruspe</strong></span> <span class='ocrx_word' id='word_1_41' title='bbox 1383 1081 1384 1086; x_wconf 62' lang='grc'>’</span> 
     </span>
     <span class='ocr_line' id='line_1_8' title="bbox 134 1199 1277 1286; baseline 0.002 -19"><span class='ocrx_word' id='word_1_42' title='bbox 134 1231 140 1240; x_wconf 87' lang='grc'>-</span> <span class='ocrx_word' id='word_1_43' title='bbox 264 1199 293 1284; x_wconf 90' lang='grc' dir='ltr'><strong>(Ι</strong></span> <span class='ocrx_word' id='word_1_44' title='bbox 317 1224 346 1268; x_wconf 92' lang='lat' dir='ltr'><strong>n.</strong></span> <span class='ocrx_word' id='word_1_45' title='bbox 365 1200 467 1282; x_wconf 80' lang='lat'>3875)</span> <span class='ocrx_word' id='word_1_46' title='bbox 496 1202 578 1268; x_wconf 79' lang='lat' dir='ltr'><strong>falso</strong></span> <span class='ocrx_word' id='word_1_47' title='bbox 608 1223 629 1268; x_wconf 92' lang='lat' dir='ltr'><strong>a</strong></span> <span class='ocrx_word' id='word_1_48' title='bbox 657 1203 790 1268; x_wconf 84' lang='lat' dir='ltr'><strong>Tassieu</strong></span> <span class='ocrx_word' id='word_1_49' title='bbox 821 1211 1005 1286; x_wconf 80' lang='lat' dir='ltr'><strong>expressam</strong></span> <span class='ocrx_word' id='word_1_50' title='bbox 1033 1210 1119 1269; x_wconf 89' lang='lat' dir='ltr'><strong>ratus</strong></span> <span class='ocrx_word' id='word_1_51' title='bbox 1148 1210 1205 1269; x_wconf 87' lang='lat' dir='ltr'><strong>est.</strong></span> <span class='ocrx_word' id='word_1_52' title='bbox 1234 1237 1277 1249; x_wconf 92' lang='lat'><em>-</em></span> 
     </span>
    </p>
   </div>
   <div class='ocr_carea' id='block_1_4' title="bbox 263 1318 1278 1616">
    <p class='ocr_par' dir='ltr' id='par_1_5' title="bbox 263 1318 1278 1616">
     <span class='ocr_line' id='line_1_9' title="bbox 263 1318 1278 1403; baseline 0 -19"><span class='ocrx_word' id='word_1_53' title='bbox 263 1318 352 1384; x_wconf 88' lang='lat' dir='ltr'><strong>Idem</strong></span> <span class='ocrx_word' id='word_1_54' title='bbox 380 1325 606 1403; x_wconf 88' lang='lat' dir='ltr'><strong>argumentum.</strong></span> <span class='ocrx_word' id='word_1_55' title='bbox 650 1338 691 1383; x_wconf 88' lang='lat' dir='ltr'><strong>ex</strong></span> <span class='ocrx_word' id='word_1_56' title='bbox 719 1319 817 1384; x_wconf 86' lang='lat' dir='ltr'><strong>altero</strong></span> <span class='ocrx_word' id='word_1_57' title='bbox 846 1319 1006 1384; x_wconf 77' lang='lat' dir='ltr'><strong>caluariae</strong></span> <span class='ocrx_word' id='word_1_58' title='bbox 1039 1321 1130 1385; x_wconf 84' lang='lat' dir='ltr'><strong>oculo</strong></span> <span class='ocrx_word' id='word_1_59' title='bbox 1164 1319 1278 1403; x_wconf 81' lang='lat' dir='ltr'>anguis</span> 
     </span>
     <span class='ocr_line' id='line_1_10' title="bbox 263 1434 411 1518; baseline 0 -19"><span class='ocrx_word' id='word_1_60' title='bbox 263 1434 411 1518; x_wconf 85' lang='lat' dir='ltr'><strong>prorepit.</strong></span> 
     </span>
     <span class='ocr_line' id='line_1_11' title="bbox 332 1545 1278 1616; baseline 0.002 -2"><span class='ocrx_word' id='word_1_61' title='bbox 332 1545 407 1615; x_wconf 69' lang='lat'><strong>76⁹⁶.</strong></span> <span class='ocrx_word' id='word_1_62' title='bbox 452 1547 720 1615; x_wconf 82' lang='lat' dir='ltr'><strong>Leueauhates</strong></span> <span class='ocrx_word' id='word_1_63' title='bbox 749 1548 1070 1614; x_wconf 80' lang='lat' dir='ltr'><strong>vindobonensis.</strong></span> <span class='ocrx_word' id='word_1_64' title='bbox 1113 1550 1145 1614; x_wconf 92' lang='lat' dir='ltr'><strong>in</strong></span> <span class='ocrx_word' id='word_1_65' title='bbox 1173 1549 1278 1616; x_wconf 81' lang='lat' dir='ltr'><strong>indiae</strong></span> 
     </span>
    </p>
   </div>
   <div class='ocr_carea' id='block_1_5' title="bbox 262 1663 1278 2329">
    <p class='ocr_par' dir='ltr' id='par_1_6' title="bbox 262 1663 1278 2095">
     <span class='ocr_line' id='line_1_12' title="bbox 263 1663 1277 1750; baseline 0.004 -21"><span class='ocrx_word' id='word_1_66' title='bbox 263 1664 363 1730; x_wconf 92' lang='lat' dir='ltr'><strong>musei</strong></span> <span class='ocrx_word' id='word_1_67' title='bbox 398 1665 591 1750; x_wconf 89' lang='lat' dir='ltr'><strong>imperatorii</strong></span> <span class='ocrx_word' id='word_1_68' title='bbox 634 1685 655 1729; x_wconf 90' lang='lat' dir='ltr'><strong>a</strong></span> <span class='ocrx_word' id='word_1_69' title='bbox 691 1663 868 1730; x_wconf 85' lang='lat' dir='ltr'><strong>Saekeno</strong></span> <span class='ocrx_word' id='word_1_70' title='bbox 912 1670 943 1730; x_wconf 90' lang='lat' dir='ltr'><strong>et</strong></span> <span class='ocrx_word' id='word_1_71' title='bbox 977 1666 1156 1732; x_wconf 87' lang='lat' dir='ltr'><strong>Kenneru</strong></span> <span class='ocrx_word' id='word_1_72' title='bbox 1192 1667 1277 1733; x_wconf 91' lang='lat' dir='ltr'><strong>edito</strong></span> 
     </span>
     <span class='ocr_line' id='line_1_13' title="bbox 262 1778 1275 1866; baseline 0 -21"><span class='ocrx_word' id='word_1_73' title='bbox 262 1778 372 1845; x_wconf 86' lang='lat' dir='ltr'><strong>forsan</strong></span> <span class='ocrx_word' id='word_1_74' title='bbox 395 1781 516 1846; x_wconf 89' lang='lat' dir='ltr'><strong>numeri</strong></span> <span class='ocrx_word' id='word_1_75' title='bbox 539 1786 615 1846; x_wconf 85' lang='lat' dir='ltr'><strong>nota</strong></span> <span class='ocrx_word' id='word_1_76' title='bbox 638 1779 723 1844; x_wconf 81' lang='lat'>1152</span> <span class='ocrx_word' id='word_1_77' title='bbox 747 1780 889 1863; x_wconf 89' lang='lat' dir='ltr'><strong>signatus</strong></span> <span class='ocrx_word' id='word_1_78' title='bbox 913 1787 970 1864; x_wconf 84' lang='lat' dir='ltr'><strong>est,</strong></span> <span class='ocrx_word' id='word_1_79' title='bbox 995 1783 1045 1847; x_wconf 84' lang='lat' dir='ltr'><strong>cui</strong></span> <span class='ocrx_word' id='word_1_80' title='bbox 1068 1781 1275 1866; x_wconf 76' lang='lat' dir='ltr'><strong>adscriptum:</strong></span> 
     </span>
     <span class='ocr_line' id='line_1_14' title="bbox 269 1888 1278 1981; baseline 0.002 -21"><span class='ocrx_word' id='word_1_81' title='bbox 269 1895 533 1980; x_wconf 83' lang='lat' dir='ltr'><strong>‚,d0ppelmaske,</strong></span> <span class='ocrx_word' id='word_1_82' title='bbox 564 1888 776 1961; x_wconf 75' lang='lat' dir='ltr'><strong>Chalcedon“.</strong></span> <span class='ocrx_word' id='word_1_83' title='bbox 809 1927 853 1937; x_wconf 90' lang='lat'>—</span> <span class='ocrx_word' id='word_1_84' title='bbox 880 1897 995 1962; x_wconf 81' lang='lat' dir='ltr'><strong>Tribus</strong></span> <span class='ocrx_word' id='word_1_85' title='bbox 1023 1899 1167 1981; x_wconf 86' lang='lat' dir='ltr'><strong>personis</strong></span> <span class='ocrx_word' id='word_1_86' title='bbox 1195 1897 1278 1970; x_wconf 84' lang='lat' dir='ltr'><strong>infra</strong></span> 
     </span>
     <span class='ocr_line' id='line_1_15' title="bbox 262 2010 586 2095; baseline -0.006 -19"><span class='ocrx_word' id='word_1_87' title='bbox 262 2018 375 2095; x_wconf 88' lang='lat' dir='ltr'><strong>quarta</strong></span> <span class='ocrx_word' id='word_1_88' title='bbox 397 2010 507 2076; x_wconf 88' lang='lat' dir='ltr'><strong>addita</strong></span> <span class='ocrx_word' id='word_1_89' title='bbox 529 2016 586 2076; x_wconf 89' lang='lat' dir='ltr'><strong>est.</strong></span> 
     </span>
    </p>

    <p class='ocr_par' dir='ltr' id='par_1_7' title="bbox 263 2122 1278 2329">
     <span class='ocr_line' id='line_1_16' title="bbox 332 2122 1278 2214; baseline 0.002 -21"><span class='ocrx_word' id='word_1_90' title='bbox 332 2122 406 2193; x_wconf 68' lang='lat'><strong>77⁹⁶.</strong></span> <span class='ocrx_word' id='word_1_91' title='bbox 449 2127 614 2208; x_wconf 81' lang='lat' dir='ltr'><strong>Gemma,</strong></span> <span class='ocrx_word' id='word_1_92' title='bbox 652 2145 744 2208; x_wconf 88' lang='lat' dir='ltr'><strong>quam</strong></span> <span class='ocrx_word' id='word_1_93' title='bbox 772 2126 886 2192; x_wconf 83' lang='lat' dir='ltr'><strong>Tassie</strong></span> <span class='ocrx_word' id='word_1_94' title='bbox 914 2148 954 2193; x_wconf 86' lang='lat' dir='ltr'><strong>ex</strong></span> <span class='ocrx_word' id='word_1_95' title='bbox 982 2129 1278 2214; x_wconf 88' lang='lat' dir='ltr'><strong>aposphragismate</strong></span> 
     </span>
     <span class='ocr_line' id='line_1_17' title="bbox 263 2239 1277 2329; baseline 0.001 -20"><span class='ocrx_word' id='word_1_96' title='bbox 263 2243 451 2310; x_wconf 83' lang='lat' dir='ltr'><strong>Stosuhiann</strong></span> <span class='ocrx_word' id='word_1_97' title='bbox 481 2241 652 2327; x_wconf 85' lang='lat' dir='ltr'><strong>expressit:</strong></span> <span class='ocrx_word' id='word_1_98' title='bbox 681 2239 807 2325; x_wconf 80' lang='lat' dir='ltr'><strong>Ruspe</strong></span> <span class='ocrx_word' id='word_1_99' title='bbox 838 2245 1051 2309; x_wconf 85' lang='lat' dir='ltr'><strong>n.13403.11</strong></span> <span class='ocrx_word' id='word_1_100' title='bbox 1080 2265 1110 2329; x_wconf 93' lang='lat' dir='ltr'><strong>p.</strong></span> <span class='ocrx_word' id='word_1_101' title='bbox 1130 2245 1202 2310; x_wconf 88' lang='grc'><strong>709.</strong></span> <span class='ocrx_word' id='word_1_102' title='bbox 1231 2285 1277 2296; x_wconf 98' lang='grc'><strong>-</strong></span> 
     </span>
    </p>
   </div>
   <div class='ocr_carea' id='block_1_6' title="bbox 260 2359 1277 2789">
    <p class='ocr_par' dir='ltr' id='par_1_8' title="bbox 261 2359 600 2442">
     <span class='ocr_line' id='line_1_18' title="bbox 261 2359 600 2442; baseline -0.012 -17"><span class='ocrx_word' id='word_1_103' title='bbox 261 2359 600 2442; x_wconf 90' lang='lat' dir='ltr'><strong>Idem&#39;argumentum.</strong></span> 
     </span>
    </p>

    <p class='ocr_par' dir='ltr' id='par_1_9' title="bbox 260 2461 1277 2789">
     <span class='ocr_line' id='line_1_19' title="bbox 330 2461 1277 2559; baseline 0.001 -19"><span class='ocrx_word' id='word_1_104' title='bbox 330 2476 380 2540; x_wconf 91' lang='grc'><strong>78.</strong></span> <span class='ocrx_word' id='word_1_105' title='bbox 404 2473 530 2539; x_wconf 86' lang='lat' dir='ltr'><strong>Sarda</strong></span> <span class='ocrx_word' id='word_1_106' title='bbox 550 2473 666 2538; x_wconf 89' lang='lat' dir='ltr'><strong>rubra</strong></span> <span class='ocrx_word' id='word_1_107' title='bbox 687 2472 876 2556; x_wconf 78' lang='lat' dir='ltr'><strong>Borionii,</strong></span> <span class='ocrx_word' id='word_1_108' title='bbox 890 2461 1277 2559; x_wconf 86' lang='lat' dir='ltr'><strong>quiimugiuemgemmae</strong></span> 
     </span>
     <span class='ocr_line' id='line_1_20' title="bbox 261 2587 1276 2674; baseline 0.001 -18"><span class='ocrx_word' id='word_1_109' title='bbox 261 2610 334 2656; x_wconf 88' lang='lat' dir='ltr'><strong>aere</strong></span> <span class='ocrx_word' id='word_1_110' title='bbox 356 2588 593 2674; x_wconf 86' lang='lat' dir='ltr'><strong>exprimendam</strong></span> <span class='ocrx_word' id='word_1_111' title='bbox 609 2587 730 2652; x_wconf 79' lang='lat' dir='ltr'><strong>curauit</strong></span> <span class='ocrx_word' id='word_1_112' title='bbox 752 2587 783 2651; x_wconf 92' lang='lat' dir='ltr'><strong>in</strong></span> <span class='ocrx_word' id='word_1_113' title='bbox 808 2588 928 2654; x_wconf 83' lang='lat' dir='ltr'><strong>nollent.</strong></span> <span class='ocrx_word' id='word_1_114' title='bbox 942 2591 1038 2673; x_wconf 88' lang='lat' dir='ltr'><strong>antiq.</strong></span> <span class='ocrx_word' id='word_1_115' title='bbox 1053 2592 1141 2656; x_wconf 87' lang='lat' dir='ltr'><strong>Rom.</strong></span> <span class='ocrx_word' id='word_1_116' title='bbox 1155 2592 1217 2657; x_wconf 88' lang='lat' dir='ltr'><strong>tab.</strong></span> <span class='ocrx_word' id='word_1_117' title='bbox 1233 2594 1276 2658; x_wconf 94' lang='grc'><strong>79</strong></span> 
     </span>
     <span class='ocr_line' id='line_1_21' title="bbox 260 2700 955 2789; baseline -0.003 -18"><span class='ocrx_word' id='word_1_118' title='bbox 260 2703 393 2789; x_wconf 83' lang='lat' dir='ltr'><strong>(Romae</strong></span> <span class='ocrx_word' id='word_1_119' title='bbox 419 2700 527 2786; x_wconf 87' lang='grc'><strong>1736).</strong></span> <span class='ocrx_word' id='word_1_120' title='bbox 553 2702 708 2768; x_wconf 90' lang='lat' dir='ltr'><strong>-Idem</strong></span> <span class='ocrx_word' id='word_1_121' title='bbox 731 2710 955 2787; x_wconf 82' lang='lat' dir='ltr'><strong>argumentum.</strong></span> 
     </span>
    </p>
   </div>
   <div class='ocr_carea' id='block_1_7' title="bbox 259 2911 1276 3597">
    <p class='ocr_par' dir='ltr' id='par_1_10' title="bbox 679 2911 862 3088">
     <span class='ocr_line' id='line_1_22' title="bbox 746 2911 787 2978; baseline 0 0"><span class='ocrx_word' id='word_1_122' title='bbox 746 2911 787 2978; x_wconf 79' lang='lat' dir='ltr'><strong>V.</strong></span> 
     </span>
     <span class='ocr_line' id='line_1_23' title="bbox 679 3024 862 3088; baseline 0.016 -2"><span class='ocrx_word' id='word_1_123' title='bbox 679 3024 862 3088; x_wconf 71' lang='lat' dir='ltr'><strong>umanum</strong></span> 
     </span>
    </p>

    <p class='ocr_par' dir='ltr' id='par_1_11' title="bbox 259 3164 1276 3597">
     <span class='ocr_line' id='line_1_24' title="bbox 330 3164 1276 3249; baseline 0.006 -21"><span class='ocrx_word' id='word_1_124' title='bbox 330 3166 380 3230; x_wconf 92' lang='grc'><strong>79.</strong></span> <span class='ocrx_word' id='word_1_125' title='bbox 416 3164 688 3249; x_wconf 88' lang='lat' dir='ltr'><strong>Anaglyphum</strong></span> <span class='ocrx_word' id='word_1_126' title='bbox 715 3171 944 3248; x_wconf 81' lang='lat' dir='ltr'><strong>marmoreum,&#39;</strong></span> <span class='ocrx_word' id='word_1_127' title='bbox 966 3165 1051 3248; x_wconf 87' lang='lat' dir='ltr'><strong>quod</strong></span> <span class='ocrx_word' id='word_1_128' title='bbox 1079 3187 1118 3231; x_wconf 84' lang='lat' dir='ltr'><strong>ex</strong></span> <span class='ocrx_word' id='word_1_129' title='bbox 1147 3167 1276 3234; x_wconf 79' lang='lat' dir='ltr'><strong>schedis</strong></span> 
     </span>
     <span class='ocr_line' id='line_1_25' title="bbox 259 3275 1276 3366; baseline 0.004 -21"><span class='ocrx_word' id='word_1_130' title='bbox 259 3280 345 3345; x_wconf 89' lang='lat' dir='ltr'><strong>Petri</strong></span> <span class='ocrx_word' id='word_1_131' title='bbox 375 3279 521 3344; x_wconf 71' lang='lat' dir='ltr'><strong>Rasemfi</strong></span> <span class='ocrx_word' id='word_1_132' title='bbox 550 3279 596 3345; x_wconf 92' lang='lat' dir='ltr'><strong>de</strong></span> <span class='ocrx_word' id='word_1_133' title='bbox 625 3275 843 3364; x_wconf 87' lang='lat' dir='ltr'><strong>Bagarris¹)</strong></span> <span class='ocrx_word' id='word_1_134' title='bbox 877 3279 976 3346; x_wconf 86' lang='lat' dir='ltr'><strong>edidit</strong></span> <span class='ocrx_word' id='word_1_135' title='bbox 1007 3281 1190 3366; x_wconf 86' lang='lat' dir='ltr'><strong>Sponius:</strong></span> <span class='ocrx_word' id='word_1_136' title='bbox 1227 3305 1276 3350; x_wconf 87' lang='lat' dir='ltr'><strong>re·</strong></span> 
     </span>
     <span class='ocr_line' id='line_1_26' title="bbox 261 3392 1272 3482; baseline 0.004 -22"><span class='ocrx_word' id='word_1_137' title='bbox 261 3394 412 3461; x_wconf 78' lang='lat' dir='ltr'><strong>charchas</strong></span> <span class='ocrx_word' id='word_1_138' title='bbox 440 3395 599 3460; x_wconf 84' lang='lat' dir='ltr'><strong>curienses</strong></span> <span class='ocrx_word' id='word_1_139' title='bbox 629 3395 827 3479; x_wconf 78' lang='lat' dir='ltr'><strong>d’antiquitds</strong></span> <span class='ocrx_word' id='word_1_140' title='bbox 852 3395 1015 3479; x_wconf 87' lang='lat' dir='ltr'><strong>(Lugduni</strong></span> <span class='ocrx_word' id='word_1_141' title='bbox 1047 3392 1151 3480; x_wconf 83' lang='lat'>1683)</span> <span class='ocrx_word' id='word_1_142' title='bbox 1181 3419 1211 3482; x_wconf 93' lang='lat' dir='ltr'><strong>p.</strong></span> <span class='ocrx_word' id='word_1_143' title='bbox 1230 3400 1272 3464; x_wconf 88' lang='lat'><strong>91</strong></span> 
     </span>
     <span class='ocr_line' id='line_1_27' title="bbox 260 3510 1276 3597; baseline 0.004 -21"><span class='ocrx_word' id='word_1_144' title='bbox 260 3510 322 3576; x_wconf 90' lang='lat' dir='ltr'><strong>tab.</strong></span> <span class='ocrx_word' id='word_1_145' title='bbox 340 3512 376 3595; x_wconf 84' lang='lat'><strong>43</strong></span> <span class='ocrx_word' id='word_1_146' title='bbox 401 3510 605 3576; x_wconf 81' lang='lat' dir='ltr'><strong>miscellanea</strong></span> <span class='ocrx_word' id='word_1_147' title='bbox 628 3511 769 3576; x_wconf 89' lang='lat' dir='ltr'><strong>eruditae</strong></span> <span class='ocrx_word' id='word_1_148' title='bbox 792 3511 986 3594; x_wconf 81' lang='lat' dir='ltr'><strong>antiquitatis</strong></span> <span class='ocrx_word' id='word_1_149' title='bbox 1008 3532 1038 3596; x_wconf 87' lang='lat' dir='ltr'><strong>p.</strong></span> <span class='ocrx_word' id='word_1_150' title='bbox 1058 3514 1075 3577; x_wconf 82' lang='lat'>7</span> <span class='ocrx_word' id='word_1_151' title='bbox 1100 3512 1161 3577; x_wconf 87' lang='lat' dir='ltr'><strong>tab.</strong></span> <span class='ocrx_word' id='word_1_152' title='bbox 1178 3514 1215 3597; x_wconf 82' lang='lat'><strong>43</strong></span> <span class='ocrx_word' id='word_1_153' title='bbox 1240 3515 1276 3580; x_wconf 94' lang='lat' dir='ltr'><strong>in</strong></span> 
     </span>
    </p>
   </div>
   <div class='ocr_carea' id='block_1_8' title="bbox 330 3770 1370 3854">
    <p class='ocr_par' dir='ltr' id='par_1_12' title="bbox 330 3770 1370 3854">
     <span class='ocr_line' id='line_1_28' title="bbox 330 3770 1370 3854; baseline 0.006 -27"><span class='ocrx_word' id='word_1_154' title='bbox 330 3774 352 3838; x_wconf 84' lang='lat'><strong>¹)</strong></span> <span class='ocrx_word' id='word_1_155' title='bbox 371 3771 448 3828; x_wconf 84' lang='lat' dir='ltr'><strong>Vixit</strong></span> <span class='ocrx_word' id='word_1_156' title='bbox 460 3770 608 3842; x_wconf 80' lang='lat' dir='ltr'><strong>Bagamius</strong></span> <span class='ocrx_word' id='word_1_157' title='bbox 620 3771 691 3826; x_wconf 89' lang='lat' dir='ltr'><strong>iuter</strong></span> <span class='ocrx_word' id='word_1_158' title='bbox 702 3785 788 3827; x_wconf 88' lang='lat' dir='ltr'><strong>annos</strong></span> <span class='ocrx_word' id='word_1_159' title='bbox 803 3771 870 3827; x_wconf 80' lang='grc'><strong>1567</strong></span> <span class='ocrx_word' id='word_1_160' title='bbox 883 3776 913 3826; x_wconf 91' lang='lat' dir='ltr'><strong>et</strong></span> <span class='ocrx_word' id='word_1_161' title='bbox 926 3773 1004 3828; x_wconf 78' lang='lat'><strong>1620.</strong></span> <span class='ocrx_word' id='word_1_162' title='bbox 1023 3772 1086 3827; x_wconf 85' lang='lat' dir='ltr'><strong>uida</strong></span> <span class='ocrx_word' id='word_1_163' title='bbox 1098 3773 1275 3832; x_wconf 71' lang='lat' dir='ltr'><strong>Mettium:</strong></span> <span class='ocrx_word' id='word_1_164' title='bbox 1366 3846 1370 3854; x_wconf 25' lang='grc' dir='ltr'>ι</span> 
     </span>
    </p>
   </div>
   <div class='ocr_carea' id='block_1_9' title="bbox 258 3867 984 3943">
    <p class='ocr_par' dir='ltr' id='par_1_13' title="bbox 258 3867 984 3943">
     <span class='ocr_line' id='line_1_29' title="bbox 258 3867 984 3943; baseline -0.001 -18"><span class='ocrx_word' id='word_1_165' title='bbox 258 3868 351 3927; x_wconf 80' lang='lat' dir='ltr'><strong>nauhu.</strong></span> <span class='ocrx_word' id='word_1_166' title='bbox 365 3869 392 3925; x_wconf 90' lang='lat' dir='ltr'><strong>d.</strong></span> <span class='ocrx_word' id='word_1_167' title='bbox 404 3883 464 3943; x_wconf 83' lang='lat' dir='ltr'><strong>ges.</strong></span> <span class='ocrx_word' id='word_1_168' title='bbox 477 3867 504 3923; x_wconf 91' lang='lat' dir='ltr'><strong>d.</strong></span> <span class='ocrx_word' id='word_1_169' title='bbox 518 3869 590 3924; x_wconf 75' lang='lat' dir='ltr'><strong>wite.</strong></span> <span class='ocrx_word' id='word_1_170' title='bbox 604 3886 628 3924; x_wconf 83' lang='lat' dir='ltr'><strong>a.</strong></span> <span class='ocrx_word' id='word_1_171' title='bbox 642 3867 792 3941; x_wconf 81' lang='lat' dir='ltr'><strong>Gdttingeu</strong></span> <span class='ocrx_word' id='word_1_172' title='bbox 812 3869 881 3923; x_wconf 79' lang='grc'><strong>1879</strong></span> <span class='ocrx_word' id='word_1_173' title='bbox 899 3885 926 3941; x_wconf 91' lang='lat' dir='ltr'><strong>p.</strong></span> <span class='ocrx_word' id='word_1_174' title='bbox 940 3869 984 3924; x_wconf 87' lang='grc'><strong>60.</strong></span> 
     </span>
    </p>
   </div>
   <div class='ocr_carea' id='block_1_10' title="bbox 0 0 1448 4590">
    <p class='ocr_par' dir='ltr' id='par_1_14' title="bbox 0 0 1448 4590">
     <span class='ocr_line' id='line_1_30' title="bbox 0 0 1448 4590; baseline 0 2"><span class='ocrx_word' id='word_1_175' title='bbox 0 0 1448 4590; x_wconf 95' lang='lat' dir='ltr'><strong> </strong></span> 
     </span>
    </p>
   </div>
  </div>
 </body>
</html>
