2888 4590
687 356 728 421 19

204 536 273 600 letto
294 534 428 613 funebre
451 557 466 598 e
489 533 543 599 clue
564 533 688 599 sembra
709 535 864 624 additare
880 533 962 598 collo
977 534 1083 599 dcet‘m
1097 533 1130 598 tc
1144 555 1214 599 sea-

202 663 292 716 teaec
311 673 408 738 preco
429 662 641 736 cottomqactc

506 760 659 832 ΓΝωΘΙ
677 782 687 803 ·
704 759 906 831 ΕΑΥΤΟΝ

201 883 238 948 ci.
255 881 340 947 arch.
358 882 483 965 zcitung
507 881 593 947 1866
616 903 647 966 p.
668 875 759 945 184*.

93 1031 95 1038 ·
144 1063 145 1070 χ
266 998 319 1062 52.
356 996 629 1081 Anaglyphum
660 991 836 1080 sepulcrale
864 996 898 1059 in
926 994 1089 1079 apothecis
1112 997 1213 1061 musei

200 1111 419 1178 Britannici
443 1118 609 1176 seruatum.
646 1112 843 1195 exsculptum
867 1115 915 1175 cst
937 1111 970 1174 in
991 1110 1110 1176 lamina
1132 1133 1212 1177 mai·-

200 1248 307 1293 morca
329 1227 484 1310 quadrata
507 1222 574 1310 (alt.
592 1226 667 1309 0‚4i
684 1248 736 1310 m.,
753 1227 806 1291 lat.
824 1225 901 1308 0,34
917 1219 983 1307 m),
1008 1246 1108 1309 neque
1125 1226 1211 1293 dixe·

200 1348 270 1408 runt
292 1363 375 1426 uere,
400 1343 454 1425 qui
477 1342 509 1406 in
532 1341 602 1407 basi
625 1343 676 1408 nel
699 1343 730 1406 in
754 1362 811 1407 ara
833 1341 969 1406 effictum
989 1361 1060 1407 esse
1085 1350 1212 1408 conten·

200 1458 319 1524 derunt.
361 1464 517 1542 repertum
547 1463 596 1523 est
621 1457 731 1522 Antii
762 1454 1002 1540 (Dallawayz
1040 1456 1211 1524 anecdotos

200 1574 236 1638 oi
253 1549 306 1639 tie
322 1580 386 1638 aas
409 1573 442 1637 in
458 1572 606 1656 sigrano
629 1594 659 1657 p.
678 1574 742 1638 329
766 1594 795 1637 n.
816 1573 872 1656 ⁷63
896 1573 929 1637 Π
949 1593 980 1656 p.
999 1573 1041 1637 74
1064 1572 1210 1638 editionis

199 1683 478 1772 Francogallicac)
507 1693 580 1753 ante
609 1708 726 1753 annum
756 1688 857 1770 1770,
888 1687 921 1751 id
949 1687 1033 1770 quod
1061 1689 1210 1772 colligere

199 1805 271 1871 licet
287 1825 327 1870 cx
342 1804 447 1869 uerbis
463 1804 628 1886 quenatii,
654 1804 708 1886 qui
731 1803 937 1888 apographon
960 1802 1133 1888 anaglyphi
1156 1825 1210 1888 ap-

198 1920 302 2004 posuit
328 1919 361 1984 in
384 1940 414 2004 p.
431 1919 490 1983 XL
517 1919 603 2001 libri,
635 1919 688 2001 qui
710 1918 902 1984 inscribitur:
926 1919 990 1983 Titi
1009 1919 1091 1996 Liuii
1114 1918 1209 1985 histo-

197 2035 313 2100 riarum
340 2035 412 2100 lihii
434 2034 509 2100 XGI
537 2034 745 2118 fragmentum
769 2029 942 2100 ἀνέκδοτον
964 2034 1155 2118 descriptum
1179 2042 1210 2100 ct

198 2151 391 2233 recognitum
430 2171 450 2215 a
479 2151 552 2215 Vitc
589 2151 630 2215 M.
658 2150 937 2233 Giovcnazzio‚
977 2151 1088 2215 Paullo
1122 2151 1207 2215 laco.

199 2266 325 2331 Bruns
349 2286 389 2331 cx
410 2265 537 2331 schedis
559 2266 779 2331 uetustissimis
794 2265 868 2330 bibl.
884 2265 1066 2331 Vaticanus.
1106 2265 1208 2330 editus

197 2388 245 2446 cst
267 2383 387 2447 Romae
415 2402 445 2446 a.
470 2382 555 2446 1773
584 2401 654 2445 cum
683 2380 878 2464 praefatione
905 2382 950 2446 Io.
974 2381 1053 2464 Aug.
1071 2381 1205 2446 Ernesti.

196 2497 320 2581 repetiit
342 2497 512 2580 imaginem
532 2498 557 2561 I.
574 2497 610 2560 B.
628 2497 663 2560 L.
682 2495 857 2578 Crevier,
882 2496 934 2578 qni
950 2497 986 2562 T.
1005 2496 1087 2560 Liuii
1110 2515 1208 2579 opera

197 2611 295 2677 edidit
316 2612 454 2678 Bassani
476 2633 505 2676 a.
526 2612 626 2694 1778,
651 2616 693 2676 tc.
710 2612 755 2676 VI
778 2632 808 2694 p.
826 2609 901 2675 365.
941 2617 1053 2695 postea
1076 2613 1206 2696 anagly-

196 2726 291 2811 phum
322 2748 362 2793 cx
390 2728 468 2792 uilla
496 2747 577 2810 quac
606 2733 655 2792 est
681 2727 801 2792 Romae
829 2725 871 2791 ad
898 2732 1021 2810 portam
1049 2727 1206 2792 Salariam

195 2844 366 2908 Buronia
387 2843 421 2908 in
437 2842 634 2908 Britanniam
656 2847 868 2907 transuectum
884 2843 1142 2925 conlocatumque
1157 2850 1207 2908 est

195 2959 226 3023 in
255 2979 364 3025 musco
387 2960 647 3043 Tcwnlcyano
680 2954 813 3036 tuliis:
842 2959 996 3041 Townley
1023 2960 1147 3044 gallcry
1172 2961 1205 3025 II

194 3095 225 3159 p.
244 3075 307 3141 169
327 3071 417 3158 seq.).
459 3073 498 3139 cf.
516 3072 648 3141 Olfcrs
676 3094 707 3157 p.
725 3073 763 3136 41
796 3095 826 3138 n.
845 3074 874 3138 2.
901 3107 944 3116 -
967 3075 1005 3138 In
1033 3074 1096 3139 imo
1125 3095 1204 3140 mar-

193 3211 281 3256 more
314 3191 496 3273 exsculptus
526 3191 661 3254 sceletus
690 3189 844 3254 humanus
874 3189 1005 3271 supinus
1035 3189 1142 3280 iacens
1171 3191 1203 3254 in

195 3325 273 3370 cauo
297 3305 434 3388 quodam
456 3325 594 3373 recessu.
630 3324 725 3387 supra
749 3303 859 3389 scripti
881 3309 954 3368 sunt
976 3303 1009 3367 hi
1032 3324 1157 3371 uersus:

428 3414 881 3486 eineinuimiriiauui

428 3528 917 3602 cuituocriiuocaesoii

428 3645 645 3716 ΑΘΡΗΕΑΕ
654 3661 704 3719 ἢ
719 3644 978 3716 ciuccirane

428 3759 836 3832 ΗΘΕΡΟΕΙΤΗΕΗΝω

516 3875 765 3946 neironem
767 3877 799 3946 Α
1000 3982 1043 4038 μ
