2888 4590
776 306 815 354 VI

289 535 370 587 oum
399 512 533 586 ossium
560 512 796 587 humanorum
817 517 893 585 tum
920 510 1101 585 laruarum
1125 507 1301 602 imagines

289 679 506 756 adiecissent
540 681 677 778 antiqui
711 681 881 770 artifieeS,
917 702 988 753 uno
1031 678 1068 751 in
1104 680 1302 774 conspeetu

290 849 411 923 omnia
438 847 653 924 uideremus
704 871 830 924 causas
858 853 976 923 autem
1005 867 1208 944 exponere,
1238 867 1303 918 eur

289 1017 353 1092 has
399 1017 437 1091 in
477 1022 599 1116 partes
640 1015 798 1093 indicem
839 1015 1087 1111 digessissem,
1129 1013 1181 1087 sio
1228 1011 1301 1085 sin-

290 1184 373 1279 gula
401 1183 641 1276 ordinassem,
671 1184 846 1282 quaedam
882 1184 1028 1260 omnino
1063 1205 1136 1257 non
1166 1180 1301 1278 ascrip-

290 1353 428 1445 sissem,
456 1377 538 1429 eum
565 1353 712 1448 longum
738 1354 815 1428 fore
843 1352 1108 1448 intellegerem,
1141 1350 1177 1425 in
1207 1348 1303 1425 aliud

178 1555 182 1561 ’
289 1528 431 1620 tempus
451 1515 589 1596 distuli:
610 1521 728 1597 laruas
757 1545 863 1620 quam
892 1522 938 1597 ob
966 1544 1043 1595 rem
1071 1518 1115 1595 ab
1142 1525 1302 1594 mortuo-
1358 1629 1359 1633 Ἴ

290 1695 370 1765 rum
398 1688 549 1781 ossibus,
578 1690 755 1782 caldariis,
784 1690 928 1766 seeletis
954 1687 1195 1784 seiungendas
1224 1710 1303 1762 esse

290 1863 414 1958 putem
449 1881 494 1932 ex
519 1859 722 1957 posteriore
756 1859 862 1933 huius
897 1857 1157 1932 dissertationis
1185 1856 1304 1955 eapite

291 2025 490 2126 apparebit,
517 2025 625 2124 quod,
644 2032 683 2100 ut
710 2026 1021 2103 commentationis
1039 2048 1123 2131 mox
1143 2025 1304 2100 edendae

292 2195 477 2294 specimen
506 2195 561 2286 sit,
590 2195 768 2271 subiunxi.

373 2363 595 2440 Asterisoum
630 2364 674 2439 ad
709 2389 752 2441 ea
785 2365 870 2444 artis
906 2387 1018 2463 opera
1050 2364 1305 2464 apponendum

293 2534 417 2609 ourani
460 2558 552 2632 quae
593 2540 654 2609 aut
692 2534 772 2633 ipsa
806 2533 881 2608 uidi
918 2539 979 2609 aut
1014 2555 1128 2631 gypso
1164 2533 1305 2608 uitroue

294 2724 466 2800 expressa
493 2702 552 2777 uel
580 2702 656 2777 sole
685 2702 828 2801 depicta
854 2703 1021 2797 cognoui.
1058 2725 1150 2799 quae
1170 2700 1305 2776 studio-

208 2901 211 2904 ·
293 2893 373 2945 rum
400 2893 562 2945 meorum
591 2869 751 2945 subsidia
778 2893 858 2945 eum
888 2893 1012 2945 eorum
1040 2870 1200 2944 uirorum
1220 2869 1305 2945 doo-

293 3044 412 3112 torum
448 3037 607 3113 comitati
629 3044 793 3136 -aeeepta
827 3039 945 3113 refero
981 3061 1133 3142 quornm
1160 3038 1308 3112 nomina

295 3205 369 3279 suis
388 3205 478 3280 loeis
505 3206 668 3305 apposui,
689 3212 764 3280 tum
782 3185 1021 3306 Ludolpho
1043 3206 1305 3305 Stephanio,

295 3374 397 3449 ouius
424 3374 602 3450 beneficio
630 3375 762 3450 iactum
791 3380 854 3466 est,
882 3381 921 3450 nt
949 3375 1077 3474 amplis
1104 3373 1306 3473 Petropoli-

294 3547 458 3617 tanarum
477 3566 697 3638 gemmarum
717 3543 833 3642 copiis
853 3544 904 3617 uti
922 3543 1058 3618 iieeret.
1091 3540 1247 3640 denique
1263 3566 1306 3617 eo

297 3699 579 3790 Cadesianornm
614 3711 988 3812 aposphragismatnm
1016 3710 1182 3809 exemplo
1211 3711 1308 3809 quod
