2888 4590
717 329 761 397 22

232 533 273 576 an
297 531 367 576 oum
391 510 446 574 illa
469 494 655 593 oonfuderit,
684 530 778 593 quam
801 514 876 573 nota
898 508 1019 573 numeri
1042 505 1086 572 56
1109 507 1247 590 signaui-

233 647 317 710 mus,
345 625 463 692 neseio.
493 660 537 669 -
567 622 706 691 Gemmis
730 625 874 709 proximo
897 626 968 690 looo
992 644 1013 689 a
1034 623 1126 689 nobis
1149 643 1247 708 appo-

163 821 164 824 *
234 743 302 808 sitis
332 739 402 823 (55.
425 736 488 824 56)
517 742 644 824 similis,
673 741 735 806 nisi
762 740 847 823 quod
870 741 960 805 abest
982 759 1113 822 eorona3
1143 739 1247 824 operis

234 863 338 924 autem
362 861 410 922 est
433 856 578 922 rudioris.

301 967 377 1037 58⁹⁶.
426 971 550 1037 Sarda
597 967 740 1036 femina
784 967 1146 1068 Tborvaldseniana
1192 965 1245 1054 (L.

234 1088 385 1153 Muller:
411 1106 490 1152 mus.
507 1087 625 1153 Thoru.
644 1091 720 1151 seot.
738 1087 758 1151 3
781 1107 811 1150 n.
832 1085 917 1150 1583
941 1107 972 1170 p.
993 1084 1078 1168 171),
1104 1085 1192 1151 ouius
1215 1091 1249 1150 ut

234 1210 394 1269 uteremur
432 1202 730 1288 aposphragismate
768 1201 902 1284 insignis
936 1202 1078 1267 Muelleri
1116 1201 1248 1270 comitas

234 1318 317 1384 feeit.
353 1354 397 1364 —
431 1319 594 1402 Insoulpta
627 1324 675 1382 est
708 1317 848 1382 caluaria
876 1317 961 1382 tenui
990 1337 1107 1382 oorona
1135 1316 1246 1399 einata,

235 1441 424 1519 postquam
447 1433 591 1517 thyrsum
618 1453 688 1498 oum
712 1452 830 1497 oorona
857 1439 888 1498 et
910 1433 1054 1498 baoulum
1079 1453 1149 1498 oum
1171 1453 1250 1517 pera

235 1549 417 1615 decusserit
439 1549 566 1632 artifex3
591 1569 687 1632 supra
710 1547 966 1632 perpendiculum
996 1523 1126 1613 addidit.
1173 1568 1249 1632 pars

235 1665 364 1730 inferior
386 1685 530 1748 gemmae
553 1664 651 1729 deest.

304 1774 381 1844 59*.
419 1780 572 1846 Gemma
594 1780 718 1845 nitrea
733 1779 950 1845 Muenteriana
973 1778 1132 1861 quondam
1156 1775 1247 1858 (mus.

235 1896 540 1960 Muenterianum
568 1897 617 1960 III
649 1917 679 1959 n.
706 1896 768 1960 176
796 1915 827 1980 p.
853 1892 950 1978 135),
986 1915 1067 1976 quae
1100 1915 1183 1961 nuno
1217 1896 1249 1960 in

237 2010 469 2095 dactyliothece
493 2010 581 2093 regia
605 2011 754 2075 Danioa
778 2015 927 2075 seruatur.
969 2011 1171 2093 neglegenter
1197 2009 1250 2076 de·

236 2126 385 2191 lineatam
419 2125 586 2190 ediderunt
608 2128 780 2191 Muenter
808 2123 981 2209 (antiquar.
1005 2126 1250 2210 abhandlungen

236 2242 298 2306 tab.
323 2241 343 2305 2
372 2240 426 2324 fig.
447 2236 488 2324 4)
523 2248 554 2307 et
590 2241 754 2307 Oreuzer
791 2241 824 2306 in
858 2242 960 2325 prima
997 2242 1068 2307 libri
1102 2241 1248 2324 editione,

238 2357 290 2441 qui
323 2357 503 2422 inscribitur
538 2357 708 2446 Symbolik
742 2356 864 2440 (1810,
894 2359 909 2422 Ι
943 2359 1005 2423 tab.
1031 2360 1058 2441 7,
1082 2356 1130 2439 5).
1193 2357 1250 2423 sed

238 2480 347 2538 neuter
374 2492 454 2556 quae
483 2476 590 2536 essent
621 2471 724 2538 efficta
756 2473 916 2539 intellexit.
967 2474 1000 2539 in
1028 2474 1271 2558 aposphragis-

238 2594 335 2672 mate,
366 2587 451 2671 quod
476 2587 619 2652 Muelleri
644 2588 797 2662 beneficio
821 2588 983 2673 debemus,
1008 2590 1088 2657 haee
1111 2611 1251 2675 agnosoo

238 2703 429 2769 assentiente
458 2703 623 2768 Muellero:
659 2705 690 2768 in
725 2701 828 2769 medio
858 2705 1043 2789 caluariam,
1076 2727 1096 2770 a
1124 2707 1253 2773 sinistra

238 2820 383 2886 baeulum
407 2838 477 2883 oum
500 2839 591 2903 pera,
625 2841 645 2884 a
667 2820 779 2885 dextra
801 2819 1000 2904 amphoram3
1030 2841 1126 2906 supra
1148 2824 1252 2888 calua-

239 2935 317 3000 riam
340 2934 459 3019 papilio
483 2936 627 3018 cernitur,
652 2935 733 3000 infra
755 2939 874 3019 patera.

306 3051 359 3114 60.
396 3050 549 3114 Gemma
572 3050 646 3114 olim
667 3049 1007 3135 Stephanoniana,
1033 3051 1071 3117 of.
1089 3053 1252 3138 Stepha-

239 3166 350 3230 non'ii
383 3186 576 3249 gemmarum
607 3166 703 3248 antiq.
726 3167 837 3249 seulpt.
860 3160 1001 3248 (Patauii
1033 3163 1137 3251 1646)
1165 3170 1252 3234 tabu·

239 3281 386 3363 11111147,
421 3301 514 3364 quam
544 3281 653 3346 iterum
682 3280 919 3364 exprimendam
949 3283 1069 3347 ourauit
1095 3284 1252 3350 Lieetus

240 3396 272 3460 in
295 3396 602 3481 hieroglypbioorum
631 3418 661 3480 p.
682 3397 753 3462 158.
795 3397 1002 3481 apographon
1024 3398 1253 3483 Stephanonia-

240 3531 315 3575 num
343 3511 446 3576 denuo
475 3512 710 3596 exscripserunt
736 3514 804 3579 Jao.
829 3513 1051 3578 Gronouius
1081 3522 1111 3578 et
1139 3516 1253 3600 Lamy

241 3627 274 3691 in
303 3626 490 3692 editionibus
519 3626 770 3712 dactyliotheoae
793 3627 921 3692 Gorlaei
947 3623 1061 3712 (Lugd.
1078 3631 1147 3695 Bat.
1168 3631 1253 3696 1695

241 3747 272 3808 et
300 3742 368 3808 Lut.
387 3745 458 3808 Par.
478 3738 584 3826 1728)
606 3744 640 3808 II
667 3744 730 3808 tab.
749 3743 814 3808 232
843 3744 966 3808 11490.
1013 3744 1251 3811 Loohnerus:

241 3858 368 3923 Nerium
399 3879 424 3924 s.
442 3857 683 3942 Rhododaphno
713 3880 743 3942 p.
765 3859 836 3923 182.
877 3859 1099 3925 Borionius:
1131 3861 1252 3926 eolleot.
