2888 4590
633 340 676 405 49

89 505 103 596 ‘t
147 521 214 580 tare
237 514 371 579 uoluerit
393 515 520 582 minime
549 515 666 582 dubito.
711 537 785 581 nam
809 517 879 599 quis
902 516 1030 582 tandem
1053 516 1160 582 credet

148 629 314 695 cadaueris
329 629 427 695 tabidi
443 632 493 696 uel
506 632 615 697 sceleti
630 637 720 715 turpe
736 632 936 697 simulacrum
949 632 1009 697 deo
1021 631 1159 697 dicatum

148 752 178 810 et
201 746 233 810 in
257 745 374 829 templo
398 753 556 811 seruatum
576 767 656 828 esse,
682 767 752 810 oum
768 746 931 811 cuiusdam
947 752 1031 812 certe
1046 746 1098 811 dei
1118 767 1158 811 ne
1257 821 1258 824 Ἴ

100 838 112 924 b
147 881 261 925 nomen
289 860 414 943 quidem
438 862 470 925 in
493 859 602 926 funere
632 863 795 945 appellare
819 862 949 926 Graecis
973 861 1022 926 fas
1045 861 1160 926 fuerit?

147 971 200 1058 (cf.
217 975 370 1060 Herodoti
394 977 445 1041 lib.
464 978 495 1041 Il
519 974 589 1060 cap.
607 977 659 1040 61.
678 978 729 1042 86.
751 977 822 1041 132.
845 978 916 1041 170.
952 971 1158 1060 [Demostb.]:

148 1091 286 1177 epitaph.
311 1090 400 1173 ἓ30,
425 1111 454 1174 p.
475 1092 559 1156 1398
583 1086 635 1175 R.)

215 1207 311 1271 Recte
334 1206 429 1290 igitur
452 1206 586 1270 bominis
605 1207 780 1271 macerrimi
803 1207 971 1290 imaginem
994 1207 1091 1272 fuisse
1115 1206 1160 1271 di-

47 1368 49 1372 ,
148 1322 190 1387 cit
213 1322 406 1406 Sprengel
433 1321 465 1385 in
494 1321 669 1386 medicinae
696 1321 829 1386 historia
857 1316 906 1399 (1²
927 1342 957 1405 p.
976 1317 1055 1404 391)
1082 1323 1159 1406 opti-

147 1457 259 1520 meque
294 1436 340 1501 de
369 1436 488 1501 Witte
522 1437 660 1520 sigillum
694 1457 819 1501 aereum
852 1457 953 1520 nuper
987 1438 1019 1501 in
1046 1438 1160 1502 Axona
1190 1443 1194 1450 '

146 1551 274 1617 flumine
319 1551 404 1635 apud
443 1552 618 1635 Augustam
659 1552 851 1617 suessonum
895 1559 1049 1636 repertum
1089 1573 1160 1617 oum

146 1667 326 1732 Pausaniae
342 1668 445 1732 uerbis
468 1667 671 1750 comparauit,
696 1667 807 1750 quibus
831 1688 900 1732 oum
925 1669 1160 1733 accuratissime

29 1785 35 1798 '
147 1781 364 1866 responderet,
396 1781 482 1847 baud
510 1802 640 1866 paruum
665 1789 881 1866 argumentum
910 1785 1011 1848 attulit
1033 1791 1160 1848 nostrae

147 1899 287 1982 opinioni
310 1893 365 1980 (de
380 1898 490 1962 Witte:
515 1901 603 1962 mrim.
629 1900 683 1963 deo
705 1901 804 1985 antiq.
829 1901 868 1964 da
889 1899 1014 1964 Franco
1037 1900 1098 1964 uol.
1116 1900 1157 1963 31

146 2034 177 2097 p.
197 2009 283 2096 168).
323 2013 507 2095 possidebat
529 2015 662 2097 primum
687 2014 727 2080 de
749 2015 897 2098 Jeasaint,
922 2035 1004 2080 nunc
1027 2015 1159 2080 Francis

147 2129 236 2195 Oook
261 2123 466 2213 (Ricbmond3
499 2131 584 2194 arob.
600 2143 659 2216 atq.
687 2132 773 2195 1874
796 2152 826 2215 p.
844 2126 914 2214 60);
939 2131 1057 2214 publici
1083 2131 1159 2196 iuris

147 2245 222 2311 iecit
244 2245 501 2328 Longpdrier:
531 2268 624 2309 rapae
646 2246 780 2310 uretool.
798 2247 861 2324 La
887 2231 952 2310 tab.
970 2248 1010 2311 13
1034 2267 1064 2329 p.
1082 2246 1157 2311 458.

213 2359 345 2425 affinxit
373 2361 486 2426 artifex
515 2362 616 2425 uirum
641 2361 811 2426 imberbem
835 2368 961 2444 pectore
989 2382 1088 2445 prono
1112 2382 1160 2427 se-

150 2476 276 2542 dentem
303 2476 336 2540 in
365 2476 453 2541 sella.
499 2478 597 2540 sellae
626 2475 724 2559 pedes
754 2475 874 2541 desunt.
927 2475 1038 2542 dextra
1065 2498 1160 2541 manu

148 2594 228 2658 sella
256 2592 363 2675 nixus,
403 2591 562 2655 sinistram
594 2592 722 2674 paulum
750 2592 878 2674 tollens,
914 2593 1069 2674 loquentis
1096 2613 1160 2658 non

147 2707 311 2772 dissimilis
334 2711 391 2772 est.
432 2707 561 2772 uestitus
578 2713 626 2772 est
649 2706 785 2790 crepidis
806 2707 966 2791 pallioque
981 2708 1077 2772 imum
1093 2729 1160 2773 cor-

147 2843 206 2907 pus
229 2828 370 2906 tegente3
395 2822 572 2905 superiores
596 2828 699 2887 autem
723 2823 864 2906 corporis
887 2830 993 2912 partes
1017 2825 1159 2889 consulto

146 2944 177 3003 et
200 2939 336 3022 cogitate
358 2937 460 3002 nudas
484 2937 615 3002 finxisse
638 2938 788 3004 artificem
813 2946 953 3026 apparet,
975 2939 1029 3022 qui
1047 2939 1082 3004 id
1098 2946 1160 3004 stu·
1245 3014 1261 3028 .

148 3053 238 3120 diosc
263 3055 368 3138 egisse
390 3053 522 3137 uidetur,
547 3061 580 3118 ut
603 3054 838 3120 accuratissime
862 3053 903 3120 ad
918 3075 1027 3120 uerum
1050 3055 1160 3121 redde-

147 3176 193 3235 ret
222 3171 370 3236 miserum
398 3167 545 3256 ἡμιθανῆ
568 3167 712 3236 σκελετὸν
740 3172 793 3235 uix
821 3171 945 3236 ossibus
968 3171 1158 3237 haerentem.

147 3293 196 3351 est
218 3287 301 3352 euim
325 3307 398 3352 uere
422 3286 531 3373 φθόης
554 3286 681 3369 quidam
705 3286 869 3372 προφήτης

270 3401 423 3478 σκελετός,
447 3401 583 3483 daturos,
606 3401 770 3487 καλάμινα
794 3403 886 3487 σκέλη
909 3403 1033 3489 φορῶν,

147 3517 214 3583 eius
239 3518 349 3584 similis
373 3539 463 3602 quem
479 3521 570 3585 Plato
592 3520 730 3586 comicus
754 3519 822 3584 risit
844 3515 1017 3601 (Meineke:
1033 3517 1157 3605 frapm.

148 3654 223 3697 cont.
240 3656 288 3718 pr.
306 3635 347 3717 ΙΙ,
366 3635 386 3698 2
410 3656 440 3719 p.
459 3631 547 3718 679).

213 3751 283 3817 Hoc
323 3755 427 3814 autem
467 3751 667 3816 simulacrum
707 3771 770 3815 non
811 3748 977 3814 ridentium
1010 3749 1160 3814 lasciuiae

148 3863 288 3949 iocisque
322 3863 497 3931 confecisse
534 3867 684 3932 artificem
723 3872 864 3932 nostrum
903 3884 966 3929 non
1007 3865 1108 3930 solum
1143 3885 1161 3930 e

962 3967 980 4024 4
